1716 3178
287 151 372 198 552
705 130 1200 184 Anseris-moniis

286 254 391 296 veris
418 263 482 306 14.
538 275 592 289 --
656 251 762 295 ibid.
790 254 840 310 τῇ
869 268 916 294 τε
945 254 1022 294 τῶν
1048 248 1214 308 Ἰβήρων
1241 251 1335 297 Vat.
1363 235 1474 294 Flor.
1502 249 1619 306 Aug

288 326 392 380 Reg.
405 325 459 367 A.
516 337 562 366 τε
580 324 690 366 deest
709 324 748 366 h.
770 325 798 366 l.
819 325 940 366 editis
961 323 1006 366 δι
1027 325 1071 365 B·
1073 338 1122 366 iv.

111 396 204 440 vers.
222 410 254 446 9.
377 393 546 450 Vers.9.
569 393 831 450 Θερσίτου.
872 394 1076 450 Taepa-273⁴
1058 408 1152 447 ιτα]
1178 407 1227 438 ex
1256 393 1425 448 ingenio
1444 391 1618 439 scribere

290 466 401 528 juffit
429 466 619 516 VrfinuS,
661 480 783 521 quam
821 464 1098 521 conjecturam
1134 464 1319 522 probavit
1346 463 1539 526 Heynius
1577 464 1641 531 in⁴

297 537 570 582 commentat.
598 536 743 592 poster.
767 537 818 578 de
848 537 881 579 F
883 537 1090 578 oedenbus
1112 535 1302 595 Carthag.
1326 547 1421 578 cum
1442 535 1561 577 Rom.
1582 548 1622 590 p.

297 610 365 653 61.
408 598 559 651 Confer
581 608 695 662 supra
714 609 763 650 ad
784 618 1004 663 cap.24,2.
1045 606 1127 649 Sed
1141 618 1625 655 DRAKENssoRcHrvs,

237 724 240 732 ¹
297 681 408 723 hune
430 680 570 721 locum
591 685 767 733 tangens
785 681 834 720 ad
851 679 941 721 Liv.
957 677 1135 721 XXVII.
1157 690 1194 730 3,
1216 687 1253 727 3.
1298 676 1403 726 „Pro
1423 675 1625 735 Θερσίτοᾳ,

301 752 380 800 ait,
411 751 634 805 legendum
660 750 867 791 censerem
893 748 1135 804 Ταρσηΐτοᾳ,
1165 747 1238 789 nifi
1257 745 1468 803 Θερσίτῃ,
1500 762 1629 804 popu-

300 821 365 868 lus
392 821 619 875 Hispaniae,
650 820 917 862 obcurrerent
932 824 1037 875 apud
1062 818 1312 874 Stephanum
1333 827 1382 860 ea
1399 821 1543 874 voceff
1570 839 1630 853 -ν-

298 892 462 946 Nempe
492 904 574 932 non
603 905 755 935 nomen
793 891 923 937 solum
967 891 1090 933 habet
1125 890 1379 946 Stephanu's‘,
1427 877 1628 946 Θερσίτοᾳ,

300 960 422 1009 ἔθνος
440 955 655 1016 Ἰβηρικόν*
685 962 751 1003 sed
769 960 814 1003 &
833 962 978 1009 diserte
1003 963 1052 1004 ad
1072 963 1180 1007 hunc
1202 962 1362 1015 Poly-bii
1382 961 1520 1007 locum
1537 975 1630 1016 pro-

302 1041 440 1083 vocat,
468 1027 670 1086 Πολύβιος
689 1031 819 1087 τρίτῳ.
845 1040 892 1074 ut
910 1035 1013 1074 adeo
1032 1033 1154 1074 insuo
1175 1033 1298 1075 etiam
1309 1032 1471 1087 Polybii
1493 1046 1629 1078 exem-

304 1104 378 1160 plo
387 1102 576 1158 Θερσίτοᾳ
596 1105 745 1158 legerit
762 1103 1006 1159 Stephanus.
1061 1104 1094 1144 F
1097 1101 1260 1162 ortasse,
1288 1096 1641 1162 Quemadmodum,
1698 1150 1699 1153 Ἴ

306 1171 486 1230 Ταρσὸς,
525 1175 622 1216 urbs
651 1173 829 1223 Ciliciae,
864 1170 1016 1229 Τερσός
1045 1174 1093 1216 ab
1113 1174 1201 1218 aliis
1222 1163 1329 1216 ditta
1349 1173 1429 1225 est,
1463 1175 1635 1218 utidem

308 1248 434 1291 docet
466 1245 721 1300 Stephanus,
756 1244 809 1286 fic
841 1246 1028 1287 librarius
1062 1234 1207 1299 aliquis
1219 1257 1243 1294 ,·
1270 1244 1367 1286 huic
1394 1245 1636 1303 pronuncia-

305 1318 412 1360 tioni
432 1317 640 1366 adsuetus,
667 1317 854 1361 eamdem
876 1317 918 1362 in
942 1329 1093 1359 nomen
1113 1316 1250 1370 gentis
1259 1315 1485 1370 Hispanicae
1505 1322 1634 1358 trans.

309 1388 418 1433 tulit.
482 1388 595 1430 Tum
618 1400 717 1430 vero
744 1386 788 1427 in
815 1386 1047 1429 nominibus
1078 1386 1369 1441 geographicis
1397 1392 1635 1428 exterorum

309 1459 536 1515 praesertim
562 1457 809 1512 populorum
836 1457 1144 1500 nil‘admodum
1171 1457 1320 1499 mirum
1337 1456 1416 1498 efl'e
1436 1450 1581 1508 debet,
1605 1454 1637 1501 fi

313 1516 565 1590 permutatas
587 1529 693 1570 inter
713 1528 752 1569 se
771 1529 912 1570 literas
927 1535 1123 1584 cognatas
1147 1528 1186 1570 T
1207 1527 1251 1570 &
1269 1529 1306 1570 Θ
1327 1529 1527 1574 videmus.

399 1599 505 1641 Ibid.
526 1597 761 1641 Μαστιικνοί.
790 1621 842 1633 —·-
883 1599 963 1650 „Hi
984 1600 1175 1641 dicuntur
1193 1614 1215 1641 a
1231 1599 1394 1662 Mastia,
1417 1598 1514 1640 loco
1535 1597 1643 1639 Afri.

313 1684 379 1713 cae
395 1684 525 1726 prope
544 1670 737 1712 Pulcrum
763 1670 1092 1725 promontorium
1122 1669 1166 1714 &
1195 1670 1424 1726 Tarsejum,
1462 1676 1509 1711 ut
1528 1668 1645 1723 supra

265 1788 267 1791 ,
288 1781 292 1785 .
314 1742 528 1796 Polybius.
573 1741 694 1783 Nunc
713 1741 974 1782 recensentur
995 1741 1171 1796 Hispani,
1196 1742 1238 1783 in
1256 1742 1439 1788 Africam
1456 1736 1645 1782 traduffi.

312 1812 457 1857 Scribe
486 1809 725 1856 Μασσιοενοί.
780 1810 891 1854 Vrbs
914 1811 1058 1868 Maffia
1084 1812 1292 1854 ulterioris
1321 1811 1546 1866 Hispaniae,
1583 1810 1644 1850 in-

315 1885 450 1926 dicata
480 1883 569 1925 aliis
598 1881 855 1933 auctoribuS,
902 1881 947 1924 &
986 1896 1117 1937 prope
1152 1883 1190 1924 T
1193 1881 1373 1924 artesfios
1403 1881 1646 1925 collocataa

316 1953 567 2009 Stephano.“
603 1966 820 1997 Gnouov.
848 1974 902 1992 -.-·
957 1953 1076 1996 conf.
1107 1954 1223 2010 supra
1250 1955 1299 1996 ad
1326 1966 1414 2008 cap.
1441 1964 1507 2006 24,
1537 1962 1576 1995 2.
1602 1948 1647 1996 &

223 2034 231 2047 s
318 2023 526 2068 Drakenb.
546 2026 596 2067 ad
617 2025 703 2069 Liv.
720 2024 920 2068 XXVIII.
940 2036 978 2078 3,
997 2036 1035 2078 3.

404 2096 510 2138 Ibid.
532 2093 721 2152 ὅρεῖτοᾳ
736 2090 914 2151 Ἴβηρες,
954 2096 1022 2138 Sic
1042 2097 1197 2140 editum
1215 2110 1266 2137 ex
1283 2095 1379 2140 Bav.
1399 2091 1650 2138 consentien-

316 2166 431 2208 tibus
458 2166 557 2222 Reg.
577 2167 630 2209 A.
650 2168 694 2209 B.
711 2166 756 2210 C.
804 2167 1017 2222 Adoptare
1050 2167 1182 2208 forsan
1209 2167 1428 2208 debueram
1460 2165 1652 2207 codicum

322 2236 420 2281 Vat.
438 2237 484 2286 &
505 2240 614 2280 Flor.
633 2239 882 2293 scripturam,
909 2235 959 2279 ’O
969 2237 1138 2292 ρῆτες,
1169 2250 1412 2294 quamquam
1431 2250 1553 2279 nemo
1573 2235 1653 2275 hos

322 2310 467 2360 novit,
496 2309 568 2363 nifi
589 2309 665 2351 fint
686 2310 812 2350 iidem
835 2311 906 2364 qui
927 2306 1153 2364 Ὠρητανοὶ
1172 2309 1384 2358 Straboni,
1412 2307 1653 2354 Ptolemaeo,

326 2379 460 2421 Plinio
477 2381 666 2431 audiunt,
691 2395 867 2436 quorum
887 2390 1011 2436 caput
1031 2382 1108 2422 fuit
1125 2377 1269 2434 Ὠρίκ.
1312 2380 1367 2421 Et
1382 2379 1471 2424 sunt-
1489 2374 1657 2418 Oretani

329 2451 458 2492 vicini
477 2451 698 2498 Olcadum,
730 2466 834 2507 quos
851 2453 1037 2508 proxime
1056 2458 1258 2493 memorat
1278 2450 1487 2505 Polybius.
1541 2444 1656 2500 Ὀρη-

297 2537 301 2542 ‘
330 2520 442 2566 τανοὶ
461 2521 501 2562 h.
524 2521 550 2563 l.
570 2522 793 2577 legendum
823 2523 1041 2578 suspicatus
1058 2522 1115 2563 est
1130 2520 1346 2575 Heynius,
1375 2521 1537 2562 eosdem
1562 2518 1659 2559 Ore-

267 2623 269 2625 -
332 2597 452 2634 tanos
471 2593 721 2647 intelligens.
778 2593 845 2635 Sic
870 2607 969 2634 vero
990 2594 1138 2635 mirum
1161 2593 1290 2633 videri
1310 2592 1463 2646 potest,
1492 2603 1566 2632 cur
1593 2587 1660 2629 ad-

327 2663 445 2718 jiciat
457 2657 644 2719 Ἴβηρες,
677 2665 1003 2720 quandoquidem
1025 2663 1219 2718 nusquam
1238 2664 1329 2704 alibi
1349 2662 1529 2712 Oretani,
1556 2671 1660 2715 prae-

331 2740 395 2776 ter
413 2735 491 2777 hos
508 2737 555 2791 ‚in
572 2736 789 2792 Hispania,
817 2740 1107 2777 memorantur.
1165 2734 1233 2776 An
1262 2735 1391 2790 igitur
1409 2732 1572 2789 Ὁρῆτεᾳ
1593 2728 1662 2772 vel

1506 2800 1662 2858 Ὀρῖτοι]
