1742 3190
85 262 265 301 -,-.-.“.““““.-.-“

111 320 206 363 vers.
222 328 258 364 7.

131 2153 229 2196 vers
249 2159 283 2195 8.

101 2485 188 2531 Cap.
207 2484 303 2520 Xlss.

130 2576 225 2614 Vers.
246 2583 279 2616 ι.

126 2722 220 2758 Vers.
240 2730 275 2767 3.

288 179 371 230 178
706 183 1210 226 Anno-nmmum

369 285 476 332 Ibid.
497 281 772 342 ὄπιλοίβομεν
795 278 894 342 εἷναί
918 298 971 329 ex
991 286 1107 342 Aug.
1124 288 1254 330 edidit
1269 287 1521 344 Hervagius.
1568 281 1639 330 Sse'

292 359 458 415 &Reg.
468 360 523 403 A.
554 358 729 410 Contra,
761 351 861 412 εἶναι
892 354 1172 411 υπελοίβομεν
1198 366 1354 414 praeter
1384 357 1484 402 Bav.
1512 359 1643 415 (cum

293 433 376 478 suis
396 431 586 482 adseclis,
615 431 713 473 edit.
739 429 843 472 12&
860 429 964 484 Reg.
984 428 1029 480 B.
1051 429 1118 483 C.)
1135 429 1259 472 habet
1280 431 1406 472 etiam
1421 428 1522 474 Vat.

382 503 488 547 Ibid.
520 518 582 545 τοι
573 506 606 549 ς
635 502 834 553 μέλουσι
862 515 931 555 uoq
961 516 1008 543 το
1036 496 1274 554 κεφάλαιον
1304 494 1442 543 αὖτων
1468 517 1544 556 της
1569 498 1645 544 νῦν

296 572 510 632 ὑπεροχῆς
529 570 699 621 δεόντως
720 570 981 627 ἀυνόψειθοη.
1040 571 1108 614 Sic
1131 573 1231 614 edit.
1254 584 1290 614 1.
1319 571 1364 615 &
1386 584 1426 614 5.
1455 586 1552 615 cum
1576 587 1644 615 an·

297 650 425 704 tiquis
443 647 608 696 msstis‚
637 643 809 700 trajeeto
829 645 899 698 (ut
917 643 975 686 est
992 656 1086 685 mos
1105 642 1291 698 Polybii)
1309 645 1556 711 pronomine
1574 642 1646 686 αὖ·-

298 735 403 770 των,
433 719 545 774 quod
562 716 821 760 casaubonus
843 728 941 756 cum
964 714 1067 770 Reg.
1085 716 1130 756 B.
1149 714 1194 756 C.
1213 715 1304 770 post
1324 715 1450 757 verba
1478 713 1553 769 τῆς
1573 713 1647 758 νῦν

299 791 463 846 rejecit.
519 788 782 833 Vocabulum
800 782 1038 842 κεφάλαιον
1056 799 1132 841 per
1149 785 1190 827 se
1213 787 1380 841 quidem
1407 787 1543 841 potest
1569 787 1649 829 ori-

297 865 435 918 ginem
454 862 665 910 denotare,
693 858 1071 914 quemadmodum’
1060 870 1103 898 m
1123 857 1224 898 vers.
1242 857 1314 900 lat.
1332 859 1514 914 exposui,
1543 858 1648 902 Gro-

303 935 479 978 novium
503 933 591 975 fere
622 931 813 981 secutuS,
844 931 916 985 qui
942 942 1084 984 graeca
1115 929 1241 970 verba
1274 929 1356 971 hoc
1394 931 1522 973 modo
1551 945 1650 972 con.

303 1014 469 1049 vertere
493 1002 683 1059 jusserat,
708 1001 904 1060 fiquz'dem
963 1001 1058 1043 velit
1084 1000 1231 1055 aliquis
1253 998 1464 1056 proesentis
1491 1002 1650 1044 illorum

300 1077 488 1133 potentia
521 1075 764 1130 principium
798 1075 878 1116 rite
905 1086 954 1115 ac
978 1071 1104 1127 probe
1131 1073 1403 1126 contemplari.
1463 1071 1567 1124 Sed,
1601 1087 1650 1116 re

304 1151 442 1192 denuo
461 1146 680 1204 penfitata,
706 1145 918 1201 intellige,
946 1145 1092 1186 eadem
1109 1146 1281 1186 notione
1299 1145 1381 1199 hoo
1401 1145 1546 1187 vocab.
1568 1143 1651 1187 effe

305 1221 347 1264 h.
375 1220 402 1262 l.
432 1219 741 1274 accipiendum,
778 1229 858 1272 qua
885 1215 931 1258 &
957 1216 1065 1271 apud
1093 1215 1195 1257 alios
1222 1215 1441 1272 scriptores
1472 1214 1517 1258 ὅ(
1542 1217 1651 1272 apud

307 1291 493 1333 nostrum
511 1289 693 1344 persaepe
711 1287 937 1342 usurpatur,
964 1286 1047 1328 scil.
1067 1300 1142 1341 pro
1149 1284 1326 1341 summa,
1345 1300 1397 1330 ex
1415 1288 1546 1330 variis
1553 1300 1652 1342 par-

309 1363 418 1404 tibus
438 1359 602 1403 colleffa.
643 1359 703 1402 Vt
713 1360 804 1415 quis
823 1357 919 1412 (ait)
924 1357 1037 1416 poffit
1048 1358 1172 1399 totius
1188 1359 1378 1412 potentior
1384 1357 1653 1414 summam,

307 1446 431 1490 quam
449 1445 550 1474 nunc
571 1436 702 1473 tenent
719 1428 916 1479 Romani,
953 1431 1034 1472 rite
1043 1427 1265 1484 perspicere
1285 1427 1335 1473 ΕΞ
1353 1429 1550 1484 compleffi'
1568 1432 1655 1474 ani·

308 1518 396 1554 mo,
424 1496 591 1559 oportet
607 1510 655 1544 ut
674 1515 750 1557 per
766 1507 905 1556 partes
923 1501 1068 1550 iverit,
1101 1499 1168 1551 &,
1199 1501 1346 1556 quibus
1371 1501 1501 1544 veluti
1518 1503 1654 1558 gradi-

309 1575 386 1620 bus
413 1575 611 1631 paulatim
638 1575 687 1616 ad
710 1574 752 1615 id
778 1572 986 1629 fastigium
1012 1571 1273 1624 accefi'erint,
1320 1572 1653 1619 confideraverit.

309 1647 379 1691 Sic
397 1647 484 1689 fere
504 1647 798 1700 interpretatus
817 1642 1077 1686 casaubonus
1096 1643 1175 1694 est,
1212 1644 1278 1685 his
1310 1645 1471 1694 verbis;
1499 1645 1539 1701 ſs
1567 1646 1654 1702 qui.

310 1718 399 1762 dem
419 1718 512 1760 velit
530 1717 677 1772 aliquis
691 1712 900 1770 prasentis
918 1713 1075 1756 illorum
1081 1714 1269 1768 potentia·
1274 1712 1315 1769 f
1312 1727 1339 1756 a
1338 1715 1381 1772 st
1391 1717 1406 1757 i
1410 1717 1554 1770 gium
1574 1719 1654 1759 rite

311 1802 360 1831 ac
375 1788 500 1844 probe
516 1787 801 1841 contemplari.-
833 1784 878 1828 &
907 1785 1097 1827 conferre
1116 1784 1227 1840 juffit
1251 1785 1362 1828 hunc
1389 1787 1532 1830 locum
1557 1802 1655 1832 cum

312 1858 368 1904 V.
389 1871 456 1912 32,
474 1871 515 1913 4.
533 1858 577 1901 δι
592 1858 663 1900 111.
688 1872 722 1908 1,
742 1870 766 1910 4
786 1857 894 1912 seqq.
925 1852 1140 1912 ὑπεροχή,
1170 1847 1350 1900 absolute
1370 1857 1568 1914 pofitum,
1597 1859 1656 1904 est

307 1932 492 1991 potentia
519 1930 589 1972 vel
613 1930 846 1984 imperium,
871 1927 906 1970 I.
927 1940 965 1980 2,
988 1941 1021 1971 1.
1048 1928 1116 1980 64,
1143 1942 1175 1973 ι.
1214 1924 1409 1985 ιῖπεροχῆ
1432 1929 1506 1985 τῆς
1538 1931 1655 1974 &vva-

312 1998 455 2050 στείας
474 2003 532 2044 est
549 2003 735 2057 potentia
755 2000 940 2057 imperii,
969 1999 1060 2053 vel,
1088 1998 1119 2042 fi
1146 2002 1298 2053 mavis,
1327 2001 1552 2044 eminentia
1580 2016 1655 2059 po

312 2074 507 2117 tentiaeI.
530 2084 567 2124 2,
589 2085 629 2126 7.

403 2146 451 2188 V
446 2142 517 2199 ers
537 2151 579 2196 8,
599 2139 673 2185 εὀἔν
692 2158 773 2186 που
795 2147 1207 2200 προσανατρέχωμεν
1225 2147 1311 2192 τοῖς
1326 2139 1566 2199 χρόνοις,ι
1529 2140 1659 2200 sicubi

313 2223 426 2260 retro
445 2223 626 2270 tempora
640 2221 867 2269 repetamus
885 2216 1023 2258 altius.
1067 2215 1658 2270 vide11.14‚1.11.37,6sqq.

313 2288 368 2335 V.
391 2300 458 2342 31,
476 2291 516 2338 8.
575 2287 641 2329 De
672 2287 800 2329 verbo
831 2290 1189 2342 προσανατρέχειν
1217 2288 1328 2330 conf.
1359 2287 1517 2330 Adnot.
1545 2287 1598 2329 ad
1621 2286 1657 2330 Ι.

316 2371 423 2416 5.4·

738 2468 1044 2515 CAPVT
1098 2466 1261 2513 xm.

398 2566 514 2624 Veis
546 2582 580 2612 1.
611 2569 677 2611 De
704 2575 798 2611 toto
824 2569 906 2611 hoc
931 2569 1075 2624 Capite
1098 2570 1262 2620 confer,
1294 2582 1389 2625 quae
1414 2570 1625 2614 diximus·
1611 2585 1665 2616 m

308 2640 597 2696 Argumento‚
625 2640 690 2681 his
707 2641 1058 2684 Adnotationibus
1075 2640 1296 2696 praemifl'o.

397 2708 513 2766 Vers.
533 2724 572 2765 3.
602 2702 636 2766 ᾧ
656 2707 874 2760 συνάπτοι,
906 2711 1194 2754 cuicolzoerent.
1225 2713 1334 2755 conf.
1353 2712 1488 2766 11.71‚
1509 2725 1548 2755 2.
1577 2709 1654 2756 VI.

306 2788 374 2836 58,
405 2795 442 2829 1.
474 2804 530 2816 -
582 2782 694 2825 lhid.
727 2782 878 2826 Nescio
905 2796 989 2839 quo
1015 2794 1156 2828 errore
1186 2792 1351 2827 veteres
1378 2785 1473 2829 libri
1501 2796 1653 2826 omnes
1730 2811 1733 2815 -

1549 2856 1650 2897 dant
