1734 3164
165 357 258 395 Vers.
275 368 300 392 2.

337 230 421 274 710
752 230 1249 264 Αυκοτᾼτιοκκε

338 342 523 391 pturam,
554 333 598 377 &
627 329 739 375 refte
758 344 835 374 nos
854 331 1146 388 feciffe‚rquod
1169 328 1324 376 auctori
1346 332 1654 377 restituerimus.

340 407 404 448 Ac
424 406 554 448 miror
571 403 683 454 sane,
712 416 794 458 quo
815 401 934 458 pacto
955 413 1098 445 contra
1110 402 1363 446 Gronovium
1381 404 1572 449 Reiskius
1591 406 1658 447 de.

337 477 503 517 sendere
525 475 731 531 vulgatam
753 473 988 528 scripturam
1003 473 1178 520 παλαιοῖς
1197 481 1369 520 conatus
1390 472 1460 524 fit,
1491 482 1657 517 conten-

339 548 463 596 dens,
490 559 586 601 quae
601 546 700 588 olim
719 557 872 598 magna
893 543 1055 585 Graecia
1074 545 1152 586 fuit
1170 542 1298 592 dicta,
1329 542 1511 588 eamdem
1535 546 1659 588 etiam

339 618 547 674 antiquam
566 614 711 658 diRam
733 604 838 664 esse}
869 615 978 669 quod
994 614 1136 669 'patere
1147 615 1215 657 ,ait
1232 627 1331 656 curn
1345 629 1396 655 ex
1411 615 1556 671 Polyb.
1567 615 1659 659 ΧΠ.

338 699 379 741 4,
401 693 441 738 8.
462 694 549 729 tum
568 701 617 728 ex
639 686 775 727 verbis
794 685 878 728 Nili
896 685 1158 741 Doxopatrii,
1187 698 1279 740 quae
1307 685 1438 729 adfert
1457 675 1659 742 Ducango

336 759 378 801 in
398 756 596 801 Gloffario
613 755 748 799 Graec.
769 771 806 797 v.
826 750 1040 799 onmirov.
1093 755 1281 807 Etenim,
1309 763 1357 798 ut
1369 756 1451 812 jam
1473 765 1660 799 non'mo-

337 841 405 873 rer
422 829 592 883 abrupta
613 827 767 869 obscuri
790 827 995 882 scriptoris
1015 827 1138 869 seculi
1157 826 1251 869 XII.
1272 827 1415 879 verba,
1448 840 1540 883 quae
1561 827 1659 871 mihi

336 899 380 945 in
399 913 492 941 meo
513 898 701 952 exemplo
724 896 910 942 Gloffarii
931 898 1185 953 Ducangiani
1214 896 1343 950 (edit.
1362 898 1506 952 primae
1528 898 1660 953 Lugd.

344 969 486 1021 1681.)
502 983 554 1012 ne
571 969 752 1024 reperire
773 969 936 1024 quidem
955 981 1089 1024 neque
1109 969 1151 1010 in
1172 967 1256 1022 ipso
1276 966 1497 1019 Gioffario,
1523 981 1658 1023 neque

254 1036 257 1039 ’
338 1040 380 1087 in
409 1039 675 1095 Appendice,
708 1040 845 1089 licuit3
887 1052 979 1093 quae
1007 1052 1108 1080 vero
1133 1039 1277 1080 eadem
1306 1038 1450 1088 verba,
1484 1047 1608 1095 prout
1635 1053 1659 1080 a

337 1109 509 1156 Reiskio
529 1110 656 1152 relata
674 1110 819 1160 viden,
854 1109 956 1151 nihil
981 1110 1199 1164 quidquam
1224 1109 1305 1151 huc
1334 1109 1511 1152 faciunt:
1530 1098 1659 1165 ‚quoa

336 1182 387 1222 ad
409 1180 572 1235 Polybii
594 1180 733 1223 locum
752 1180 849 1224 XII.
872 1190 912 1232 4,
934 1185 972 1230 8.
991 1182 1168 1231 adtinet,
1206 1180 1262 1222 ibi
1282 1180 1479 1235 primum,
1506 1194 1555 1222 ex
1576 1180 1659 1223 vul·
1680 1197 1684 1199 ¹

336 1260 433 1308 gata
452 1251 667 1307 scriptura,
702 1250 812 1293 nulla
831 1251 1006 1308 antiquoe
1023 1251 1207 1303 Graecioe,
1235 1250 1303 1293 sed
1319 1251 1494 1307 antiquoe
1513 1251 1577 1294 vel
1598 1263 1661 1293 ve-

336 1322 436 1363 teris
455 1321 609 1371 Italiae,
635 1321 686 1364 fit
705 1322 884 1371 menti03
924 1329 965 1362 at
988 1321 1138 1363 ibidem
1165 1322 1316 1378 pariter
1345 1322 1519 1363 dubitari
1539 1321 1663 1363 'nullo

339 1392 464 1437 modo
492 1393 633 1442 debet,
672 1391 870 1435 fimillima
897 1392 1079 1442 ratione,
1112 1400 1158 1435 ut
1185 1392 1265 1436 hoc
1296 1391 1661 1447 loco,vu1gatam

339 1463 577 1518 scripturam
597 1458 774 1506 memmii!
795 1477 846 1504 ex
863 1460 1087 1521 παραλίαν,
1117 1477 1238 1518 quam
1265 1461 1310 1506 &
1341 1476 1420 1504 nos
1448 1463 1504 1504 ibi
1536 1461 1662 1504 confi-

341 1534 486 1578 denter
503 1532 658 1577 auftori
678 1533 948 1584 restituimus,
981 1533 1059 1576 effe
1085 1542 1332 1589 corruptam.
1387 1533 1575 1589 Ejusdem
1593 1535 1661 1576 de-

338 1606 586 1660 pravationis
613 1603 859 1649 fiminimum
883 1605 1117 1659 exemplum
1144 1605 1320 1647 offerunt
1350 1603 1561 1646 Strabonis
1593 1618 1662 1646 co·-

334 1675 474 1727 dicet-3,
503 1676 571 1718 lib.
589 1676 663 1718 111.
689 1689 729 1731 p.
757 1687 845 1729 145.
874 1676 943 1719 ubi
973 1677 1147 1723 παλαιοῖς
1166 1691 1217 1718 ex
1235 1673 1434 1732 παραλίοις
1454 1677 1662 1718 detortum

338 1745 419 1788 effe
447 1744 655 1800 perspefte
689 1747 944 1790 Casaubonus
975 1746 1021 1792 &
1050 1748 1094 1789 in
1125 1760 1198 1791 ora
1224 1747 1306 1790 suae
1322 1746 1526 1791 editionis
1554 1744 1599 1789 δι
1619 1733 1683 1788 in*

339 1815 645 1861 Commentario
665 1819 819 1862 docuit.
873 1818 1017 1861 Livius
1043 1820 1086 1861 in
1109 1832 1159 1861 ea
1179 1826 1294 1874 parte
1314 1818 1590 1868 historiarum,
1618 1817 1663 1858 in

337 1900 421 1943 *qua
438 1901 547 1929 nuuc
571 1889 795 1940 versamur,
831 1889 962 1944 ipsum
980 1889 1220 1932 vocabulum
1239 1886 1440 1944 παραλίαν
1458 1885 1662 1943 expreffib
1682 1918 1685 1921 -

341 1958 474 2003 XXII.
493 1958 560 2002 61.
599 1957 787 2013 Defecere
807 1966 940 2004 autem
959 1973 986 2002 a
1002 1960 1140 2003 Poenis
1156 1959 1198 2003 hi
1212 1960 1409 2015 pop'ulir-
1421 1987 1443 2014 ,—
1470 1959 1663 2001 Groeco-

341 2042 449 2073 rum
469 2031 595 2073 omnis
603 2028 694 2084 sere
713 2043 824 2081 ora,
859 2031 1064 2074 Tarentini
1082 2030 1164 2074 &c.
1203 2023 1432 2085 Rursusque
1451 2029 1610 2073 XXXI.
1622 2041 1663 2084 7.

340 2098 426 2144 Nec
449 2100 654 2142 Tarentini
677 2101 814 2152 modo,
843 2107 1034 2159 oraque
1053 2101 1120 2144 illa
1141 2102 1338 2153 Italia,
1365 2114 1486 2157 quam
1505 2099 1666 2156 Majo-

338 2182 440 2212 rem
459 2170 626 2218 Graeci
632 2183 707 2213 am
731 2178 886 2225 vocant,
904 2170 981 2231 fid
996 2172 1186 2216 Lucanus
1204 2170 1255 2217 δέ
1270 2173 1463 2217 Bruttius
1481 2169 1531 2216 &³
1547 2171 1665 2217 Sam·

334 2242 408 2293 ¹nis
437 2254 464 2283 a
491 2241 604 2284 nobis
630 2241 864 2297 dffccenunt.
923 2257 1246 2299 GRoNowvs,
1289 2244 1332 2286 in
1360 2244 1482 2286 Notis
1510 2243 1666 2292 msstis,

341 2312 610 2355 Adnotationi
629 2314 743 2369 supra
762 2315 901 2358 relatae
919 2315 999 2357 hoc
1017 2315 1522 2371 supplementumadjecit:
1557 2312 1633 2364 „V
1627 2325 1664 2355 c-

343 2388 413 2425 tus
432 2383 612 2444 Graecia,
642 2386 718 2434 ait,
752 2398 835 2428 non
855 2386 986 2441 potest
1006 2386 1083 2428 alia
1102 2384 1202 2437 effe,
1237 2399 1359 2440 quam
1387 2384 1467 2440 ipsa
1498 2385 1666 2427 Achaia.

341 2452 443 2496 Inde
474 2454 598 2496 miffae
634 2456 809 2499 coloniae
839 2457 879 2498 in
906 2457 1087 2506 Italiam,
1133 2457 1425 2499 constituerunt
1462 2453 1668 2512 Majorem

343 2523 542 2571 Graeciam
554 2555 566 2575 ‚
594 2524 639 2568 δε
656 2537 872 2581 propterea
890 2529 1028 2586 potius
1046 2528 1206 2573 Novam
1225 2528 1451 2576 dicendam,
1479 2533 1527 2568 ut
1544 2527 1666 2568 Nova

345 2594 515 2641 Salamis
554 2595 597 2648 δι
631 2598 847 2652 Antiqua.“
883 2618 941 2628 --
997 2599 1106 2641 Tum
1138 2599 1182 2640 in
1213 2599 1399 2643 eamdem
1427 2597 1668 2646 sententiam

342 2667 475 2708 adfert
503 2668 671 2712 Maximi
697 2668 818 2722 Tyrii
849 2669 1012 2719 locum,
1049 2667 1209 2712 Differt.
1238 2667 1378 2712 XVII.
1406 2669 1476 2723 (p.
1495 2681 1550 2711 m.
1575 2679 1666 2720 170.

342 2737 473 2794 Lugd.
494 2739 582 2784 Bat.
605 2738 745 2798 1614.)
766 2740 835 2786 ubi
852 2739 1052 2786 Gra-’ciam
1069 2740 1234 2801 proprie
1253 2740 1515 2791 nominatam,
1538 2738 1669 2793 respe-
