1742 3190
125 252 302 291 ΕΞ

152 312 245 351 Vexs.
262 322 297 358 4.

149 1635 245 1675 vers.
261 1646 295 1682 7.

326 171 409 231 156
440 167 454 178 ”
744 183 1240 225 Anno-manentis

414 281 534 347 Vers.
553 299 593 344 4.
622 288 706 334 τῶν
736 287 1040 349 η’κληρηκὸτων.
1099 294 1169 339 Sic
1201 294 1317 340 rthe
1337 299 1499 343 editum
1517 298 1585 343 est
1611 313 1663 343 ex

328 360 431 405 Bav.
485 361 705 418 Perperam
734 361 1030 419 ἤκληρωκότων
1053 366 1167 424 Aug.
1191 367 1238 410 δε
1263 368 1363 413 Vrb.
1387 371 1499 425 quod
1522 370 1568 414 &
1595 372 1663 413 de-

327 433 506 476 buerunt
523 433 621 478 Vat.
641 433 686 476 &
701 435 804 490 Reg.
823 436 878 477 A.
899 436 941 476 in
959 436 1107 491 quibus
1132 437 1190 481 est
1211 437 1511 496 ἠκληροκότων.
1539 439 1666 495 duln-

327 502 436 560 ρέῗν,
463 518 549 546 non
567 502 797 560 οἷκληροῢν,
825 506 1038 558 dicuntur,
1071 509 1141 564 qui
1151 510 1297 563 patria
1313 509 1524 565 ejiciuntur
1553 512 1666 555 bonis

328 575 518 627 multati,
554 575 599 618 &
617 577 786 617 omnino
806 579 876 633 qui
893 581 1021 634 gravi
1049 585 1171 636 atque
1195 578 1366 637 adversa
1380 580 1556 638 fortuna
1578 597 1669 638 pre-

327 652 518 696 muntur,
555 653 603 688 ut
622 648 785 689 monuit
811 647 857 691 &
885 651 1086 705 exemplis
1113 651 1406 695 demonstravit
1428 653 1669 709 W'esseling.

329 719 381 760 ad
398 718 570 760 Diodor.
587 716 662 760 ΙΙΙ.
688 730 751 760 12.
793 719 901 761 Hinc
920 720 963 763 &
979 722 1218 766 substantiva
1237 720 1463 779 οἶκλήρημαι
1480 722 1526 767 &
1542 721 1669 780 οἶκλη-

327 793 415 845 ρίσι.
476 788 662 832 Verbum
682 785 876 847 οἶκληρόω
888 821 903 842 ,
931 792 1004 834 ista
1019 794 1214 844 notione,
1240 792 1285 837 δε
1302 794 1491 852 analogia
1506 795 1671 851 respuit,

330 861 663 915 quandoquidem
682 859 899 913 affinnem,
929 877 1013 904 non
1035 863 1257 918 passionem
1276 866 1345 907 vel
1363 866 1521 917 statum,
1550 865 1669 922 figni-

314 930 457 972 -ficare
476 930 600 972 verba
616 932 658 972 in
678 947 730 973 οω
749 931 900 984 solent,
927 948 1005 978 nec
1027 937 1238 991 adoptavit
1256 936 1365 979 usus.
1419 936 1529 980 Nam
1557 938 1669 992 quod

331 1003 441 1056 apud
455 1000 622 1045 Suidam
640 1003 683 1044 in
704 1003 870 1058 Fragm.
887 1006 998 1059 quod
1015 1020 1069 1046 ex
1086 1006 1263 1061 Polybio
1291 1009 1535 1065 decerptum
1557 1009 1669 1051 vide-

335 1079 423 1124 tur,
451 1070 724 1128 οἱκληραῖμασι
744 1076 845 1117 olim
862 1083 956 1118 ante
974 1075 1193 1121 Kiisterum
1206 1078 1433 1136 legebatur,
1457 1092 1611 1121 nomen
1623 1079 1672 1121 ab

328 1144 404 1186 illo
423 1145 551 1186 verbo
572 1145 826 1196 derivatum3
863 1144 905 1189 id
925 1161 1064 1189 errore
1085 1146 1238 1191 fafimm
1255 1149 1335 1200 est,
1373 1148 1419 1192 &
1445 1147 1559 1191 reste
1586 1149 1670 1192 Kli-

328 1215 460 1257 sterus
482 1211 749 1270 οἱκληρήμασι
769 1217 988 1269 substituit,
1017 1220 1167 1274 partim
1192 1234 1244 1261 ex
1264 1221 1456 1263 codicum
1482 1219 1671 1262 Parifien-

330 1284 435 1328 sium
464 1287 724 1342 praescripto,
769 1289 920 1343 partim
946 1290 1152 1332 indicante
1180 1290 1392 1334 literarum
1417 1292 1534 1335 serie.
1590 1292 1675 1334 Pro

332 1354 644 1413 η’κληρηκὸτων,
688 1359 805 1414 quod>
818 1361 925 1414 apud
941 1360 1160 1416 Polybium
1176 1362 1218 1404 h.
1235 1361 1264 1403 1.
1284 1362 1488 1418 legimus,
1519 1362 1675 1407 Diodo-

332 1442 405 1471 rus
430 1430 473 1470 in
498 1431 733 1472 narratione
770 1429 986 1472 fimissimae
1017 1430 1261 1475 calamitatis
1295 1434 1578 1490 Rheginomm
1603 1435 1675 1487 (in

337 1498 536 1554 Excerpt.
551 1498 686 1543 Vales.
706 1507 758 1542 ex
779 1501 848 1544 lib.
863 1501 998 1545 XXII.
1016 1515 1056 1559 p.
1077 1502 1171 1556 562.
1189 1504 1288 1546 edit.
1308 1503 1672 1562 Wefl‘eling.)·rwv

322 1566 612 1626 Ιἠ·ι“υχηκο’·ι“ων
637 1573 753 1614 dixit.

423 1641 538 1698 Vers.
557 1655 597 1696 7.
627 1632 683 1684 οὖν
706 1639 845 1697 ηγέίτο
868 1642 1010 1691 Δέκιος
1029 1615 1548 1703 Koepmoevo'c.Pespe1-am
1562 1602 1674 1692 Flor.

336 1712 383 1755 &
406 1713 594 1756 Venetus
616 1713 759 1761 Δέκιος
783 1709 853 1768 uoci
871 1711 1112 1765 Καμπανός.
1169 1716 1334 1767 Δέκιος,
1360 1732 1409 1762 το
1428 1721 1545 1770 «γένος
1561 1720 1674 1771 Kape-
1740 1774 1742 1782 γ

333 1799 472 1831 πανος
496 1785 553 1826 ait
571 1784 745 1827 Diodor.
763 1785 843 1826 loc.
863 1785 934 1826 cit.
990 1785 1172 1828 Nati-one
1198 1786 1428 1844 Campanus
1453 1796 1566 1841 erat;
1600 1802 1676 1832 no-

320 1868 433 1898 ·men
459 1856 539 1897 viri
557 1855 714 1897 Decius
732 1855 951 1897 Iubellius:
989 1857 1041 1897 de
1070 1870 1153 1912 quo
1179 1859 1273 1901 vide
1300 1859 1466 1902 Livium
1487 1860 1599 1916 Epit.
1627 1862 1675 1904 li-

323 1926 399 1970 -bri
414 1925 508 1969 XII.
527 1925 570 1968 &
589 1924 779 1969 aufiores
789 1957 802 1978 ,
830 1939 936 1981 quos
951 1927 1260 1970 Freinshemius
1279 1930 1322 1971 in
1337 1929 1547 1986 Supplem.
1565 1932 1676 1976 illius

321 1997 452 2048 iibri,
477 1995 525 2039 &
547 1998 697 2052 partim
714 1998 838 2039 etiam
854 1996 1113 2041 casaubonus
1143 2000 1192 2041 ad
1211 2000 1252 2043 h.
1271 1999 1298 2042 l.
1318 2001 1483 2052 citavit,
1520 2003 1675 2046 Diodo-

242 2120 244 2122 ,
334 2081 430 2112 rum
447 2068 544 2111 loco
561 2068 701 2124 paullo
728 2075 823 2110 ante
848 2068 1033 2120 lauda-to,
1061 2067 1276 2114 Valerium
1294 2072 1402 2115 Max.
1420 2072 1470 2116 Π.
1487 2085 1528 2128 7,
1551 2083 1614 2128 ις,
1629 2074 1675 2118 &

149 2278 242 2319 Vari.
263 2284 297 2320 8.
321 2292 325 2295 ’

334 2138 517 2199 '‘Appi-an.
547 2141 590 2182 in
619 2138 854 2182 Samniticis
879 2139 908 2183 1:
935 2139 1011 2181 lib.
1025 2139 1101 2182 ΠΙ.
1128 2141 1290 2198 Ecloga
1315 2142 1391 2186 IX.
1407 2144 1556 2188 nostrae
1575 2147 1676 2190 edit.

334 2207 464 2252 Tom.
480 2210 514 2253 Ι.
545 2224 587 2265 p.
606 2209 662 2254 60
677 2210 733 2264 sq.

423 2277 540 2336 Vers.
567 2285 607 2332 8.
639 2276 736 2328 τούς
758 2282 1060 2336 Μαμερτίνους.
1089 2280 1208 2327 Conf.
1228 2299 1319 2341 cap.
1341 2290 1380 2339 8,
1405 2299 1450 2330 1:
1495 2286 1677 2330 Mamer-

331 2351 454 2394 tinas,
469 2366 493 2392 a
517 2352 739 2401 Mamerte‚
770 2351 845 2405 (id
871 2351 1174 2408 Campanorum
1192 2355 1388 2399 idiomate
1415 2358 1620 2400 Mavortis
1645 2358 1674 2402 s.

332 2422 484 2467 'Martie
501 2436 655 2481 nomen
675 2422 806 2474 eran>
833 2421 942 2477 quafi
959 2424 1190 2467 Mavortios
1215 2426 1284 2469 vel
1310 2428 1504 2479 Martios,
1532 2429 1576 2472 id
1601 2428 1675 2480 est,

334 2493 523 2537 strenuos
557 2493 778 2534 bellatores
808 2492 889 2535 sese
915 2496 1136 2546 vocabant,
1182 2503 1231 2538 ut
1265 2500 1429 2542 monuit
1460 2499 1675 2542 Diodorus

321 2564 407 2607 lib.
423 2563 536 2607 XXI.
556 2562 716 2618 Ecloga
739 2575 809 2617 13.
859 2564 924 2607 De
951 2579 1031 2620 qua
1058 2567 1331 2621 adpellatione
1356 2569 1483 2612 fufius
1507 2568 1675 2613 casaub.

339 2635 389 2677 ad
410 2634 450 2677 h.
458 2634 486 2677 1.
504 2633 549 2676 &
565 2632 767 2683 auetores,
787 2647 893 2690 quos
908 2635 1090 2682 laudavit
1104 2636 1344 2698 Wefl'eling.
1362 2642 1412 2684 ad
1421 2640 1598 2685 Diodori
1615 2641 1676 2683 lo-

325 2718 441 2750 ·cum
458 2706 528 2749 cit.
545 2705 598 2754 Τ.
617 2704 669 2750 Π.
685 2718 724 2763 p.
744 2716 841 2761 493.

1566 2851 1680 2907 Vctfs.
