1742 3190
141 333 315 354 ω

142 359 260 368 ...φ-να»
272 357 310 362 Μ

159 389 252 428 Verf.
271 397 303 434 3.

342 243 420 301 196
760 246 1241 292 annominemus

334 374 411 415 pro
437 359 673 414 rechroco,
704 361 814 414 quod
836 366 1009 410 vocant,
1039 361 1208 415 praefert
1227 361 1419 404 codicum
1438 343 1670 426 consensus,

337 447 360 473 a
389 431 535 486 quibus
560 437 715 485 praeter
743 429 1021 472 neceffitatem
1047 431 1154 486 saepe
1181 431 1439 475 discefl'erunt
1471 435 1670 476 editores.

279 508 282 510 “
339 503 448 544 conf.
468 503 517 544 ad
533 515 622 557 cap.
643 514 709 552 21,
727 513 766 554 7.
787 500 831 543 &
847 513 916 556 49,
938 506 979 552 8.
1036 501 1204 546 Poterat
1228 515 1328 558 vero
1355 505 1487 546 etiam·
1503 506 1669 560 prorsus

153 1006 248 1047 Vers.
269 1015 301 1050 ς.

337 572 467 616 abefl‘e
484 573 566 614 hoc
589 572 683 614 loco
700 585 952 627 pronomen:
984 571 1028 614 δι
1056 572 1243 627 suspicari
1267 573 1392 625 licet,
1430 588 1524 617 cum
1550 571 1670 622 ἐντὸὶε

335 643 542 700 scripfiffet
560 643 777 698 Polybius,
805 643 885 685 efl'e
916 636 1022 686 hanc
1053 657 1200 686 vocem
1221 656 1296 699 per
1321 658 1504 688 errorem
1531 647 1573 687 in
1598 644 1671 698 σιῶ-

338 713 421 758 τιῧν
458 722 667 757 mutatam.
733 714 991 756 Casaubonus
1022 729 1046 756 e
1079 716 1286 756 contrario
1316 729 1427 758 vooe
1455 713 1579 764 ἑκτὰ·
1609 716 1670 760 nil

336 800 442 842 opus
472 785 552 828 esse
578 786 763 841 putavit:
800 793 913 827 certe
937 787 979 827 in
997 786 1081 836 eis}
1112 799 1206 841 quae
1232 787 1282 828 ad
1308 786 1420 830 hunc
1448 787 1591 837 locum
1615 789 1670 830 de

334 858 489 913 duplici
507 856 603 898 fossa
621 856 800 907 notavit,
830 858 1130 917 emendationis
1150 858 1197 899 ab
1217 856 1363 901 Vrfino
1378 857 1598 914 propofitae
1612 867 1671 900 nb

333 930 588 973 mentionem
606 928 771 981 quidam
793 927 930 969 facere
950 929 1142 983 dignatus
1160 928 1231 971 est.

419 996 531 1054 Ve'rsl
547 1010 584 1051 5.
605 994 660 1045 εἷς
678 988 917 1053 Ἐρβησσόν.
953 998 1020 1042 Sic
1039 1011 1368 1042 cASAvnonvs
1386 1000 1429 1042 in
1446 1006 1668 1050 contextu3

332 1069 378 1114 ἃ
397 1071 439 1112 in
458 1068 642 1111 verfione
660 1067 880 1125 Erbcffiam.
927 1069 1010 1113 Sed
1029 1070 1072 1111 in
1087 1069 1319 1112 Comment.
1336 1071 1492 1113 scribit:
1534 1069 1666 1121 „Hest-

334 1142 481 1199 beffini‚
519 1142 645 1182 vicini
679 1141 991 1195 Agrigentinis,
1029 1156 1080 1183 ex
1110 1141 1313 1183 historicis
1340 1141 1386 1184 δι
1413 1141 1667 1203 geographis

333 1214 446 1255 noti:
492 1211 640 1253 melius
679 1219 816 1253 autem
851 1225 947 1254 cum
976 1212 1216 1267 aspiratione
1253 1212 1439 1254 scribitur
1474 1213 1556 1255 hoc
1593 1227 1667 1253 no-

335 1285 468 1326 men.“
490 1305 542 1317 -
576 1279 630 1328 cic
649 1279 863 1337 Σερβησδν
886 1284 981 1325 edit.
1008 1296 1042 1324 1.
1063 1295 1102 1326 2.
1125 1296 1221 1325 cum
1234 1282 1332 1325 Bav.
1351 1282 1448 1327 Vat.
1467 1284 1576 1326 Flor.
1609 1280 1667 1330 εἷς

333 1348 538 1411 Ἐρβησδν
557 1354 654 1394 edit.
682 1367 715 1395 ι.
735 1365 771 1395 2.
791 1368 886 1395 cum
901 1353 1221 1398 Bav.Vat.Flor.
1249 1351 1304 1401 εἷς
1324 1351 1523 1410 Ἐρβησδν
1549 1353 1667 1408 Aug.

332 1427 435 1481 Reg.
446 1425 498 1467 A.
510 1424 554 1466 B.
564 1423 609 1466 C.
669 1423 737 1466 Sic
757 1425 971 1467 Perottus:
1000 1425 1042 1466 in
1061 1415 1254 1479 Erbqsum
1273 1426 1483 1481 oppidum.
1523 1426 1665 1468 Effe&-

331 1498 428 1539 dem
445 1486 570 1537 modo
593 1496 731 1549 paullo
748 1493 858 1550 post,
886 1497 988 1537 vers.
1008 1491 1048 1549 9.
1067 1493 1297 1551 Ἐρβησέων
1320 1496 1467 1556 absque
1495 1496 1666 1552 adspirat

332 1570 447 1616 tione
466 1568 563 1608 dant
584 1567 750 1608 codices
772 1566 898 1609 nostri
917 1581 1076 1610 omnes,
1121 1567 1319 1628 Aretinus
1339 1575 1496 1630 tapnen,
1523 1568 1594 1623 qui
1610 1571 1666 1630 ex

330 1638 506 1694 Polybio
541 1636 789 1692 potiffimum
825 1638 1034 1681 historiam
1067 1638 1163 1680 belli
1198 1639 1341 1698 Punici
1374 1640 1496 1695 primi
1522 1637 1664 1688 haufit',

329 1708 547 1764 Herbesum
565 1708 707 1749 habet:
739 1707 782 1749 δε
811 1709 865 1751 fic
892 1711 998 1764 apud
1027 1710 1188 1751 Livium
1204 1708 1361 1754 XXIV.
1382 1721 1448 1763 30.
1468 1709 1512 1752 ὅτ
1537 1721 1599 1763 35.
1618 1708 1663 1751 δι

331 1783 438 1835 apud
459 1780 632 1823 Plinium
651 1781 727 1822 ΠΙ.
746 1785 783 1831 8,
810 1794 870 1834 ¹4·
897 1777 1108 1835 Herbqffus
1126 1779 1170 1822 δε
1188 1778 1457 1836 Herbegffcnses
1477 1795 1584 1822 cum·
1596 1771 1664 1833 adq

329 1852 546 1907 spiratione
574 1852 771 1894 scribitur.
827 1849 954 1894 Refte
976 1865 1076 1893 vero
1101 1851 1262 1894 literam
1285 1850 1412 1907 figma
1437 1852 1664 1907 duplicavit

327 1922 493 1965 casaub.
514 1937 607 1964 cum
626 1923 764 1978 Steph.
783 1923 958 1978 Byzant.
982 1922 1027 1965 δι
1054 1937 1149 1965 cum
1176 1924 1326 1978 graecis
1358 1923 1548 1965 omnibus
1573 1922 1663 1965 lati-

326 1995 466 2048 nisque
493 1992 746 2044 aut‘toribus,
774 2008 950 2049 quorum
966 1995 1059 2035 loca
1078 1995 1249 2050 collegit
1267 1993 1663 2037 Cluverus=inSicil¹0

327 2066 450 2120 antiq.
479 2079 518 2120 p.
542 2064 624 2117 360
644 2065 725 2120 sqq.
763 2066 907 2121 ·Apud
934 2066 1164 2108 Diodorum
1195 2067 1362 2120 quidem
1390 2065 1476 2108 Lib.
1503 2063 1662 2107 XXIII.

326 2137 460 2191 eclog.
481 2142 519 2188 8.
538 2129 823 2192 τδνἝρβησον
843 2138 988 2188 editur,
1015 2137 1081 2178 sed
1098 2132 1326 2192 Ἐρβησσδν
1343 2138 1449 2192 apud
1467 2137 1660 2178 eumdem

276 2205 277 2208 ¹
325 2206 420 2256 XX,
444 2219 510 2260 31.
559 2206 735 2249 Codices
753 2209 911 2250 nostros
931 2208 1180 2262 Polybianos
1198 2208 1344 2263 saepius
1362 2209 1405 2249 in
1422 2207 1657 2248 nominibus

142 2419 235 2459 vers.
254 2429 287 2464 7.

324 2279 502 2332 propriis
529 2277 753 2333 simplicem
779 2279 1003 2321 sibilantem
1036 2293 1111 2334 pro
1150 2279 1302 2335 duplici
1331 2278 1542 2328 adhibere,
1571 2277 1661 2333 jam

327 2348 424 2390 alias
443 2351 695 2391 monuimus.
1642 2357 1650 2363 “

414 2417 528 2474 Verſs
549 2433 588 2473 7.
623 2424 968 2476 συναγομένων
997 2419 1038 2461 δὲ
1065 2417 1125 2475 τῷ
1149 2418 1269 2475 λιμῷ.
1327 2419 1394 2461 Sic
1421 2418 1518 2464 Vat.
1545 2419 1658 2462 Flor'ss

322 2489 366 2532 &
384 2492 512 2532 codex
532 2490 680 2534 Vrfini.
722 2490 931 2533 consentit
949 2491 1093 2533 Suidas
1118 2491 1160 2531 in
1181 2490 1261 2531 hoc
1277 2490 1362 2545 ipso
1382 2490 1525 2532 vocab.
1544 2490 1656 2544 quod

321 2563 493 2616 exponit
510 2576 585 2618 per
603 2565 1015 2618 στενοχωρουμένων.
1062 2561 1298 2602 Articulum
1319 2570 1455 2602 tamen
1475 2558 1536 2616 τῷ
1553 2548 1655 2601 omi·
1694 2555 1703 2566 '

319 2631 366 2675 fit
393 2614 550 2675 Suidas.
591 2637 932 2687 συνηγμένων
950 2633 1063 2687 Aug.
1083 2631 1252 2686 Reg.A.
1281 2635 1654 2684 συνεχομένων

320 2705 446 2759 vulgo
466 2705 662 2747 edebatur
684 2720 734 2747 ex
753 2705 851 2745 Bav.
874 2716 967 2757 quae
986 2703 1201 2757 scriptura,
1242 2715 1487 2757 quamquam
1515 2715 1589 2757 per
1612 2702 1655 2742 se

319 2777 558 2826 commoda,
589 2775 632 2818 &
654 2777 749 2817 cum
766 2775 925 2829 reliquo
943 2774 1014 2815 usu
1031 2774 1248 2822 sermonis,
1278 2781 1367 2814 tum
1387 2772 1508 2828 ipfius
1528 2759 1674 2826 Polyak

316 2846 373 2888 bii
387 2845 633 2890 austeritate
652 2847 724 2890 111.
742 2846 810 2898 62,
828 2857 868 2899 4.
891 2842 1250 2895 commendabilis,
1283 2844 1527 2887 tamen-hoc
1554 2843 1653 2883 loco

917 2933 923 2937 -
963 2932 966 2936 ⁴
1200 2932 1203 2934 “
1555 2924 1670 2954 cor->
