1734 3164
145 296 324 316 ᾔ

144 319 323 330 μ*

169 681 264 721 vers.
283 692 317 728 4.

167 823 261 863 vers.
279 825 310 860 6.

164 1539 259 1579 vers.
278 1549 314 1584 7.

165 1825 258 1869 vers,
279 1831 312 1868 8

152 2602 246 2643 Vers-
266 2612 299 2648 9.

341 215 428 275 578
761 220 1260 255 AnnoTA⁷r1oxzs

344 333 393 368 ut
417 334 647 381 pronomen
680 316 726 372 ὃῖς
754 325 986 379 absorptum
1009 324 1058 366 ab
1086 330 1271 367 extrema
1305 323 1455 381 syllaba
1493 325 1683 371 vocabufl

345 393 553 444 ἀποικίας,
587 396 632 439 &
658 391 726 452 ’ἤδη
758 396 799 437 in
830 386 870 436 οἳ
892 390 936 450 δὴ
970 401 1211 449 corruptum
1233 409 1256 436 a
1274 395 1448 438 librariis
1474 397 1683 441 statuatur.

345 469 414 512 Sic
443 482 544 511 vero
575 469 837 523 participium
867 462 1235 521 προκεχειρισμένοι
1263 465 1395 513 αᾶἰνθ
1424 468 1551 511 fuerit
1575 471 1682 511 acci·

346 540 562 595 piendum,
600 538 646 581 &
670 545 758 580 tota
779 538 887 593 ῥῆσις
910 539 966 579 ita
986 538 1204 594 vertenda:
1242 537 1438 591 colonias,
1476 528 1682 596 quassam

347 611 436 652 illuc
453 611 669 652 mittendas
689 609 959 651 decreverant.

435 681 484 724 V
478 679 550 736 ers.
571 692 609 734 4.
640 680 706 722 ἐπὶ
723 677 812 728 τούς
829 676 973 727 τόπους
994 677 1309 735 παραγίγνειθοᾳ.
1359 679 1428 724 Sic
1449 682 1606 724 editum
1630 695 1684 724 ex

347 753 444 795 Bav.
506 752 573 793 ἐπὶ
593 747 736 798 τόπους
757 751 949 807 «γίγνεθοᾳ
965 751 1061 796 Vat.
1079 750 1111 793 F
1113 751 1189 793 lor.
1210 751 1322 806 Aug.
1342 752 1445 807 Reg.
1457 753 1511 794 A.

435 822 548 879 Vers.
569 823 609 867 6.
636 823 676 865 οἱ
692 822 809 865 Βοῖοι.
854 823 923 866 Sic
943 825 1008 864 ed.
1033 835 1070 864 1.
1091 834 1129 864 2.
1155 822 1502 867 consentientibus
1528 824 1684 867 mestis.

348 913 383 938 οι
379 895 509 938 ‘Batoi
526 897 575 937 ad
593 894 754 938 casaub.
773 894 816 937 &
834 895 939 950 seqq.
958 892 1002 935 &
1025 895 1174 935 eodem
1193 894 1320 936 modo
1339 895 1475 937 rursus
1494 896 1593 938 vers.
1619 907 1683 938 ιο.

349 967 394 1011 &
413 968 573 1019 deinde.
630 989 683 1000 —
742 964 848 1007 Ibid.
868 963 938 1008 οὐκ
956 964 1124 1018 ἔχοντες
1143 964 1185 1006 δὲ
1206 959 1302 1007 τότε
1320 961 1468 1021 καιρόν.
1519 967 1684 1022 Negan-

347 1045 434 1081 tem
462 1037 704 1093 particulam
732 1037 944 1079 delendam
971 1035 1128 1078 censuit
1162 1043 1522 1088 nnxsx1vs‚nt
1555 1051 1683 1093 oppo-

346 1116 494 1152 nantur
521 1110 629 1151 inter
657 1109 696 1150 se
723 1103 849 1162 πέλοι,
876 1107 920 1149 &
947 1103 1066 1149 τότεε
1105 1107 1256 1149 dudum
1285 1108 1576 1164 infidiabantur
1603 1107 1684 1150 Ro-

346 1182 503 1230 manis,
532 1176 756 1235 quibufium
786 1180 1007 1221 amicitiam
1024 1178 1301 1236 fimulabant;
1331 1186 1425 1221 tunc
1449 1185 1583 1221 autem
1613 1178 1684 1220 ha·
1725 1175 1728 1178 ’

346 1252 478 1294 bentes
488 1248 760 1306 prodendi'sui
777 1250 858 1292 odii
879 1251 1241 1306 opportunitatem,
1270 1250 1513 1306 deficiebant.
1560 1251 1680 1292 Fate-

348 1330 415 1364 tur
443 1330 581 1364 tamen
614 1323 787 1363 concedi
814 1321 947 1377 posse,
983 1331 1030 1364 ut
1058 1316 1185 1375 πέλοι]
1207 1319 1251 1363 &
1269 1315 1364 1364 τότε
1389 1321 1430 1364 h.
1446 1322 1474 1363 l.
1503 1335 1586 1363 non
1606 1320 1683 1363 fint

349 1394 573 1443 contraria,
614 1393 681 1434 sed
702 1394 814 1434 idem
841 1391 1131 1449 significanti&
1170 1393 1213 1436 id
1243 1392 1302 1436 est
1310 1422 1326 1446 ‚
1354 1399 1402 1436 ut
1427 1392 1558 1483 ipsum
1587 1387 1682 1435 τότε

348 1466 549 1507 referatur
569 1466 619 1506 ad
638 1459 777 1518 πάλοᾳ.
1662 1471 1663 1476 ’

432 1533 546 1590 Vers.
567 1548 606 1589 7.
635 1538 678 1577 ἐν
707 1537 759 1594 τῆ
785 1532 962 1591 προτέρᾳ
985 1533 1120 1592 βιβλῳ
1149 1529 1308 1592 ›rava-775.
1362 1533 1469 1578 Cum
1487 1534 1682 1578 mendose

343 1605 521 1663 προτέρῳ
541 1622 592 1648 ex
599 1608 711 1659 {Bu
729 1607 897 1650 dediflet
914 1609 977 1650 ed.
1005 1621 1038 1650 1.
1057 1606 1192 1663 (quod
1209 1606 1255 1650 &
1274 1607 1442 1662 repetiit
1458 1608 1523 1649 ed.
1542 1606 1600 1660 2.)
1619 1612 1679 1649 te·

343 1694 457 1722 mere
477 1679 627 1721 deinde
648 1677 692 1720 &
709 1679 841 1720 invito
861 1679 1086 1734 exemplari
1106 1692 1256 1721 vocem
1275 1672 1424 1733 τοιύτης
1444 1676 1576 1721 omifit
1594 1678 1678 1721 Ob·

341 1751 521 1806 sopoens.
580 1749 645 1792 De
661 1764 707 1790 re
729 1750 822 1791 vide
838 1751 907 1792 lib.
927 1751 981 1793 ΙΙ.
1002 1764 1091 1806 cap.
1113 1761 1166 1793 22
1188 1749 1234 1792 &
1251 1749 1360 1804 seqq.
1475 1792 1480 1800 .

429 1821 477 1864 V
472 1818 545 1876 ers
565 1825 604 1872 8.
629 1813 854 1876 Ἴσομβροις
884 1822 1040 1864 editum
1063 1833 1114 1862 ex
1141 1821 1241 1862 Bav.
1283 1803 1532 1874 Ἴνσομβρόες
1553 1818 1678 1862 habet

339 1893 433 1937 Vat.
453 1907 538 1935 non
564 1885 802 1947 ἫΙνσοβρας
842 1894 952 1947 quod
974 1905 1190 1947 perperam
1210 1891 1254 1932 in
1275 1889 1429 1933 scholio
1451 1891 1675 1945 posuerunt

341 1978 480 2021 operae
498 1964 661 2006 nostrae.
706 1987 760 1997 —
806 1963 911 2006 Ibid.
934 1965 1180 2018 συμφρονησ.
1198 1956 1304 2004 κατὰ
1322 1976 1393 2018 την
1412 1975 1676 2017 προγεγενημ.

340 2031 470 2091 ὀργήν.
517 2030 614 2077 Non
631 2049 736 2090 opus
758 2035 828 2086 est,
852 2042 900 2078 ut
918 2036 1010 2076 haec
1022 2035 1297 2083 solicitentur3
1326 2033 1456 2088 (conf.
1466 2033 1520 2075 Π.
1534 2045 1600 2083 22,
1617 2034 1677 2084 ι.)

340 2118 584 2162 quamquam
605 2108 858 2148 contrarium
878 2107 1017 2148 dicere
1042 2107 1203 2148 videtur
1219 2105 1362 2147 Livius
1379 2103 1499 2153 XXI.
1519 2115 1584 2157 25.
1607 2117 1676 2146 nec

338 2184 424 2219 tam
444 2176 492 2218 ob
511 2184 663 2219 veteres
683 2179 725 2219 in
738 2178 927 2232 populum
945 2176 1169 2219 Romanum
1193 2178 1291 2218 iras.
1323 2197 1376 2210 ι·-
1412 2175 1516 2217 Ibid.
1536 2174 1675 2218 Verba

337 2244 404 2304 uno)
423 2243 512 2294 τούς
536 2242 761 2300 φεύγοντας
783 2249 907 2303 usque
924 2244 1125 2300 Ῥωμαίων
1147 2256 1304 2290 temere
1325 2235 1526 2302 praeteriit
1547 2245 1672 2287 Obso-

336 2333 472 2375 poens.
535 2341 581 2353 —
644 2318 748 2360 Ibid.
772 2318 960 2375 Μοτίνην.
1003 2321 1163 2362 Locum
1184 2320 1293 2360 hunc
1312 2314 1671 2371 Polybii-respexit

333 2392 443 2432 haud
468 2390 589 2432 dubie
618 2389 846 2444 Stephanus
867 2391 970 2447 Byz.
991 2393 1033 2432 in
1045 2387 1256 2444 Μοτιηνοίτ
1286 2388 1353 2440 sed
1374 2388 1515 2428 multis
1536 2388 1672 2429 modis

334 2463 479 2503 misere
498 2467 691 2515 corrupta
707 2462 755 2502 ab
767 2461 1053 2516 Epitomatore
1071 2461 1160 2502 sunt
1171 2459 1436 2501 Grammatici
1455 2458 1590 2501 verba.
1612 2477 1672 2491 ·-—

333 2532 439 2575 Ibid.
458 2529 655 2573 οἷποικίοιν.
695 2529 874 2574 §malm
895 2535 959 2575 ed.
984 2532 1112 2590 Gron.
1131 2544 1349 2586 operarum
1368 2542 1521 2572 errore.

414 2603 502 2646 Ver
491 2601 531 2657 J
549 2615 588 2657 9.
616 2604 832 2655 ἐπιφοινων.
884 2604 1095 2646 Consentit
1125 2601 1220 2647 Vat.
1245 2615 1340 2643 cum
1358 2601 1523 2643 ceteris.
1585 2600 1667 2641 ἐπι-

331 2670 599 2728 φανεστοίταν
620 2675 691 2715 uni
708 2674 741 2716 F
742 2674 818 2716 lor
839 2676 1052 2730 proprium
1071 2673 1142 2715 est.
1203 2692 1254 2703 -
1313 2671 1418 2714 Ibid-
1442 2659 1495 2718 eie,-
1512 2661 1631 2722 μὴ’*
1606 2686 1663 2727 ην.

328 2762 375 2802 ην
408 2754 520 2788 caret
545 2746 578 2787 F
579 2746 656 2787 lor
712 2763 771 2776 ’-
825 2745 932 2787 Ibid.
963 2741 1197 2791 Λουτάτιος.
1248 2742 1317 2785 Sic
1347 2740 1501 2797 scripfi,
1527 2747 1667 2797 qnem-

326 2819 549 2860 admodum
574 2815 651 2858 111.
676 2827 744 2864 21,
771 2827 810 2858 2.
841 2814 953 2859 reste
984 2818 1047 2859 bis
1076 2818 1278 2859 dederunt
1306 2814 1475 2857 codices
1504 2826 1663 2856 omnes.

1488 2887 1660 2929 Mende-
