1734 3164
117 270 325 335 εει-.-

138 351 232 393 Vers.
250 363 284 399 4.

312 204 431 256 ’6οό
738 200 1287 254 Αυ”κοϊᾼτιοίηε’

313 325 356 367 in
373 296 492 367 fine·
478 324 522 367 ni
542 319 633 381 ejus
648 320 786 368 locum
811 325 870 369 est
889 339 1044 369 nornen
1062 326 1150 369 fere
1163 325 1443 382 synonymum
1463 303 1659 381 αχθοφὸ-

314 411 406 453 ρων,
438 395 570 451 (conf.
582 397 711 440 Suid
701 411 743 439 m
760 393 998 454 Ὑποξύνικ)
1023 399 1131 454 quod
1144 405 1280 440 tamen
1300 410 1386 440 non
1405 400 1554 442 eodem
1572 413 1661 443 mo-

317 469 403 512 do
391 483 434 511 in
453 468 525 511 usu
542 468 612 511 est.
662 468 921 512 casaubonus
932 501 946 522 ,
972 485 1067 514 cum
1087 476 1323 525 corruptam
1341 468 1421 511 effe
1439 469 1555 520 istam
1569 470 1662 512 scri'·

315 547 481 597 pturam
499 540 776 596 intelligeret,
806 549 952 584 tamen
981 542 1146 598 prorsus
1166 552 1264 583 ‘eam
1291 536 1477 584 deserere
1493 551 1583 585 ‘non
1604 541 1664 585 est

134 1202 230 1244 Vers.
252 1211 285 1249 ς.

317 611 461 662 ausus;
499 611 568 654 sed
596 613 636 653 in
662 610 773 656 hunc
802 616 973 656 m'odum
997 614 1068 656 suo
1086 628 1139 656 ex
1164 614 1335 669 ingenio
1356 622 1450 655 eam
1470 614 1664 666 mutavit,

318 681 420 734 ὁμῶς
438 678 510 726 σὸν
529 685 610 731 τοῖς
629 682 807 741 φορτίοις
821 678 953 730 mm?
977 687 1056 731 τῶν
1075 682 1294 744 ὑποζυγίων
1311 679 1379 741 καὶ
1390 679 1662 741 ἐχθόφορων.

317 754 449 810 quue
468 763 640 798 tenuere
660 759 907 813 posteriores
928 755 1125 801 editores.
1182 757 1253 802 Est
1282 750 1421 800 tamen
1449 756 1493 800 &
1523 758 1667 807 incra

315 825 418 870 Bav.
445 841 468 868 a
499 829 630 882 prima
659 842 782 872 manu
810 831 959 887 scripta
984 833 1077 873 haec
1102 838 1228 874 nota:
1265 825 1345 887 I'p'.
1369 828 1472 882 ὅμως
1493 825 1565 873 σὺν
1583 831 1666 876 τοῖς

319 894 500 952 φορτίοις
510 895 648 942 πολλοὶ
667 916 745 943 των
767 897 999 960 ὑποζυγίων,
1030 905 1140 959 quod
1159 903 1322 959 ipsum'
1311 916 1354 946 m
1375 908 1576 945 contextu
1594 900 1665 942 ha·

318 959 421 1012 benc
443 974 553 1026 Aug.
582 970 626 1014 δι
657 972 759 1030 Reg.
773 975 824 1017 A.
855 975 1002 1030 absque
1034 976 1113 1018 τῶν
1131 970 1431 1036 οἶχθοφόρων.
1468 972 1668 1015 Ceterum*

320 1037 423 1092 ὅμως
446 1037 517 1084 συν
535 1044 643 1086 haud
663 1047 784 1088 dubie
804 1061 855 1088 ex
878 1048 1219 1114 interpretatione
1246 1045 1408 1103 irrepsit
1429 1036 1506 1101 pro
1531 1038 1667 1097 ὁμόσε,

320 1115 432 1170 quod
451 1127 528 1169 pro
548 1107 621 1160 illo
642 1116 877 1173 frequentat
897 1119 1107 1176 Polybius,
1134 1127 1181 1163 ut
1199 1114 1276 1162 IV.
1301 1119 1365 1172 ¹6,
1386 1129 1452 1162 ιο.
1473 1116 1550 1162 VI·
1570 1128 1610 1170 7,
1629 1127 1667 1170 5·

403 1198 520 1254 Vers.
545 1212 583 1256 5.
615 1199 740 1248 οἷντίοι
759 1202 1078 1257 συμπίπτοντες,
1107 1205 1151 1247 in
1164 1203 1375 1262 jumenta
1386 1204 1430 1246 in
1443 1200 1588 1258 fronte
1611 1201 1670 1242 in·

319 1271 515 1325 cidentes,
553 1259 637 1319 scil.
660 1277 770 1330 quod
793 1290 844 1318 ex
866 1277 1105 1319 vulneribus
1136 1276 1383 1335 consternati
1409 1274 1668 1331 recederent,

321 1341 389 1394 &,
419 1345 618 1402 quidquid
647 1361 672 1389 a
696 1356 831 1404 tergo
846 1357 956 1400 erat,
993 1355 1108 1391 retro
1127 1353 1380 1404 premerent.
1437 1346 1606 1388 Poterat
1626 1343 1670 1386 id

319 1420 463 1457 autem
491 1417 550 1477 ita
581 1416 697 1470 fieri,
735 1429 783 1462 ut
814 1426 1110 1463 converterent
1140 1418 1244 1472 sese,
1275 1420 1463 1473 adeoque
1488 1416 1673 1463 frontem

321 1485 451 1529 fronti
464 1485 752 1542 jumentorum
773 1490 1007 1546 oppofitum
1025 1491 1246 1534 haberent.
1276 1497 1438 1553 atque
1419 1490 1461 1531 id
1479 1489 1694 1551 equidem..

321 1556 366 1600 in
389 1557 575 1602 verfione
594 1561 722 1603 latina
737 1561 923 1616 expreffi,
953 1563 1149 1618 adjiciens
1170 1563 1343 1605 verbum
1362 1560 1546 1618 conversi
1588 1558 1671 1602 Sed

322 1628 531 1685 intelligo,
556 1646 700 1674 carere
720 1646 798 1674 nos
816 1632 928 1688 poffe
948 1634 1031 1675 hoc
1051 1634 1313 1677 adsumentoz
1346 1633 1542 1675 cohibere
1561 1631 1674 1675 enim

143 2373 243 2427 ναΐ.
259 2375 294 2413 6.

323 1712 455 1756 eques
476 1715 629 1759 equum
650 1711 837 1767 poterat,
872 1718 926 1746 ne
950 1712 1064 1749 retro
1085 1705 1126 1748 se
1148 1711 1435 1754 converterem
1467 1704 1568 1762 illud
1597 1703 1673 1744 im·

323 1773 469 1827 pedire
497 1787 582 1816 non
611 1783 799 1830 poterat,
839 1788 923 1841 quo
955 1777 1094 1820 minus
1125 1768 1348 1820 retrorsum
1377 1776 1679 1840 conniteretur3

323 1841 395 1885 &
384 1857 426 1884 m
441 1845 612 1900 vestigia
622 1846 689 1888 sua
702 1838 905 1889 recedens
918 1847 1119 1909 jumenta,
1139 1861 1250 1903 pone
1259 1848 1480 1903 sequentia,
1504 1846 1673 1888 afronte

326 1926 549 1980 premeret
552 1915 597 1959 &
617 1917 840 1960 retrorsum
860 1921 1058 1963 truderet.
1096 1917 1167 1962 Nil
1185 1933 1285 1961 vero
1294 1917 1413 1974 {opus
1430 1918 1501 1965 est,
1531 1924 1579 1963 ut
1597 1931 1677 1983 pro

329 1980 454 2030 durfos
477 2002 571 2031 cum
593 1985 766 2031 Re1sk1o
793 1986 923 2033 &mim
947 1983 1218 2070 suspicemur,
1254 1991 1367 2054 quod
1387 2003 1441 2032 ne
1463 1990 1582 2051 ferri
1588 1989 1679 2052 qui-2

326 2059 424 2103 dem
438 2053 552 2115 'pofi'e
579 2059 754 2102 videtur.

421 2145 523 2202 [bid.
551 2147 635 2189 πᾶν
667 2142 714 2190 τὸ
745 2143 1048 2202 παραπίπτονμ
1056 2113 1146 2198 Sic
1175 2148 1246 2198 ed.
1274 2160 1310 2191 ι.
1347 2133 1445 2199 cum
1475 2146 1595 2189 codd.
1625 2146 1677 2194 ad

326 2228 459 2259 unum
479 2219 685 2261 omnibus.
744 2217 927 2268 Temere
951 2220 1035 2265 πᾶν
1057 2213 1103 2263 τό
1121 2216 1464 2275 συμπαραπιῆτςτον
1481 2219 1554 2260 ed.
1571 2228 1609 2260 2.
1632 2215 1677 2269 &

328 2288 426 2333 inde
447 2289 620 2345 reliquae
641 2281 862 2332 editiones.
1333 2303 1339 2308 ·
1363 2304 1366 2306 ’

408 2372 532 2429 Vers.
551 2375 591 2420 6.
618 2370 688 2419 τδν
721 2371 897 2419 κίνδυνόν
926 2378 1024 2418 ἐστι.
1081 2375 1150 2418 Sic
1175 2377 1281 2418 Bav.
1297 2375 1417 2429 Aug.
1441 2372 1487 2416 &
1508 2375 1611 2428 Reg.
1624 2373 1676 2415 A.

330 2446 478 2501 quibus
499 2448 643 2489 invitis
668 2455 825 2491 temere
843 2463 912 2491 τον
932 2446 1146 2493 nlvdvvov’
1129 2447 1189 2490 ε’τι
1209 2450 1306 2492 dant
1328 2447 1448 2488 editi‘
1455 2459 1601 2486 omnes
1630 2442 1681 2487 &-

331 2518 435 2572 Reg.
448 2517 494 2562 C.
556 2519 609 2569 Et
631 2520 783 2562 nullam
807 2522 974 2575 quidem
992 2522 1234 2563 varietatem
1257 2533 1307 2560 ex
1328 2517 1430 2561 Vrb.
1453 2516 1550 2560 Vat.
1568 2516 1680 2559 Flor.

331 2590 566 2634 adnotatam
584 2591 628 2632 in
645 2590 804 2634 schedis
826 2593 968 2642 video,
1000 2605 1095 2646 quae
1124 2591 1310 2647 effugere
1340 2588 1679 2644 potuit-diligen·

334 2662 436 2706 tiam
463 2676 633 2713 eorum,
683 2663 754 2716 qui
796 2663 874 2704 hos
909 2663 1200 2705 consuluerunt
1243 2663 1425 2703 codices.
1483 2658 1681 2701 Ceterum

334 2733 490 2777 etiamst
512 2735 554 2775 in
576 2733 637 2779 ἔτι
662 2734 938 2776 consentirent
970 2735 1096 2775 iidem
1118 2742 1202 2776 tres
1234 2734 1428 2782 codices,
1467 2738 1607 2772 tamen
1633 2728 1679 2772 id

331 2817 427 2851 cum
446 2806 618 2852 Reiskio
636 2806 876 2853 mendosum
893 2806 1126 2856 censerem,
1155 2805 1200 2850 &
1222 2804 1309 2850 ἐστὶ
1329 2803 1584 2860 praeferrem.

1572 2899 1679 2943 Ibid.
