1742 3190
301 195 387 247 384
652 227 656 230 η
732 202 1219 236 Δοκοτᾼτιοηει

87 273 268 298 μ

106 330 203 372 Vers.
220 339 254 366 2.
373 304 423 349 V
416 300 489 361 “s
512 315 550 348 2.
580 299 784 360 ἀφορμάς·
829 300 902 353 Τῡῖσ
919 300 1120 362 ὀἶφόρμοὲς
1144 304 1248 350 Vrb.
1270 306 1374 363 Reg.
1386 305 1442 349 A.
1470 306 1630 348 incom-

287 378 412 420 mode
428 377 608 433 repetito
626 377 814 420 arficulo,

103 477 200 519 Verr.
218 488 254 524 4.
372 474 488 534 Verjl
510 488 551 531 4.
577 470 722 518 Ado..
763 474 1033 518 Consentiunt
1050 475 1381 532 gfaecicodIceS.
1418 473 1500 520 Sed
1515 473 1632 518 Loeva·

283 548 406 593 Livio
426 550 619 592 dicuntur
638 546 694 611 V.
713 557 782 601 35.
798 547 999 590 XXXIII.
1021 558 1091 601 33¹.
1126 545 1227 590 Levi
1244 546 1377 590 Plinio
1386 545 1466 590 111.
1485 559 1548 602 17,
1562 558 1632 590 21.

282 621 404 691 conf.—
416 619 578 664 Cluver.
600 632 641 675 p.
664 630 715 673 23
726 631 758 662 1.
790 618 936 660 Cellar.
955 632 996 674 p.
1017 621 1115 672 684.

370 719 477 764 Ibid.
495 715 703 774 Λεβέκιοι.
742 711 872 761 1Ζὶὂίἑί
890 718 1021 760 Plinio
1039 719 1068 763 1.
1089 733 1126 761 c.
1176 714 1342 772 Λιβικοὶ
1362 716 1538 776 ξὲοῙεῐιι.
1554 715 1634 769 III.

291 804 329 837 1.
348 806 388 849 p.
406 805 475 846 7¹.
534 792 673 842 Quare
693 791 763 832 vix
785 790 961 832 dubitari
972 790 1116 840 debet,
1146 790 1244 845 quin
1255 789 1378 845 'apud
1387 790 1552 846 Livium
1572 785 1631 831 V.

285 873 356 918 35.
381 863 498 907 XXI.
522 866 587 916 38.
613 861 809 904 XXXIII.
831 873 899 917 37.
919 876 1016 915 eum
1030 860 1208 905 Cluvero
1225 859 1355 904 Libici
1374 859 1632 917 scribendum

284 934 335 977 fit
349 948 425 989 pro
444 931 589 985 Libui,
628 933 740 988 quod
763 933 892 989 vulgo
912 934 968 974 ibi
987 934 1155 988 legitur.
1215 931 1340 982 Quod
1357 939 1496 974 autem
1513 944 1591 987 pei:
1609 945 1632 972 ε

283 1006 474 1048 scribitur
491 1005 574 1046 hoc
593 1018 746 1047 nomen
765 1006 872 1060 apud
892 1005 1114 1059 Polybium
1129 1017 1207 1061 pro
1219 1002 1340 1059 jota,
1378 1003 1524 1059 eadem
1538 1015 1631 1057 per·-
1692 1009 1696 1011 “

284 1078 460 1121 mutatio
486 1077 634 1119 harum
665 1075 874 1118 vocalium
907 1075 1150 1131 pervulgata
1175 1076 1219 1118 in
1249 1075 1428 1131 propriis
1453 1074 1629 1130 nomini-

282 1148 387 1203 Abus;
417 1154 465 1191 ut
480 1142 743 1190 Καπετώλιον
771 1161 848 1204 pro
872 1141 1147 1194 Καπιτώλιον,
1187 1143 1410 1202 Βρετοιννιόι
1434 1158 1510 1201 pro
1532 1143 1631 1186 Bri-

286 1222 452 1271 tannia,
481 1216 667 1261 Λεπέδου
680 1219 734 1266 ,in
763 1219 857 1260 cod.
885 1218 978 1263 Vat.
1001 1231 1076 1274 pro
1099 1215 1277 1266 Λεπίδου
1296 1218 1351 1261 Π.
1373 1229 1440 1268 21,
1460 1227 1500 1270 7.
1559 1215 1628 1258 Ac

285 1290 451 1335 fortasse
470 1292 596 1334 etiam
612 1289 755 1332 Labici
771 1286 870 1332 disti
886 1290 978 1332 sunt
996 1290 1124 1332 latIno
1145 1303 1240 1343 ore,
1269 1294 1318 1332 ut
1334 1301 1520 1345 graecum
1546 1284 1628 1329 As-

286 1360 418 1418 βέκιοι
437 1363 518 1405 tale
537 1361 607 1413 fit,
635 1362 755 1417 quale
767 1359 977 1413 Νεμέσιοις
994 1361 1151 1403 XXIX.
1170 1373 1233 1412 ιο,
1245 1371 1283 1414 3.
1301 1373 1378 1415 pro
1397 1358 1631 1414 Numifiuu

287 1432 483 1489 Νεμέτωρ
514 1433 622 1489 apud
649 1434 828 1488 Appian.
854 1446 896 1489 p.
917 1444 984 1485 23.
1011 1432 1160 1478 nostrae
1178 1433 1287 1474 edit.
1307 1442 1384 1487 pro
1404 1430 1631 1478 Numitor,-

286 1501 539 1561 Νεμετώριος
569 1505 677 1560 apud
707 1505 902 1546 eumdem
928 1504 1109 1559 Appian.
1137 1502 1255 1547 Civil.
1276 1503 1308 1546 Ι.
1337 1515 1427 1559 cap.
1457 1513 1526 1556 72·
1551 1514 1629 1558 pro

284 1575 546 1623 Numitorius
557 1591 575 1624 ;
606 1574 651 1618 &
671 1576 713 1618 id
731 1589 866 1631 genus
888 1576 977 1618 alia.

368 1670 558 1719 Ibid.’'Ie
570 1691 588 1717 ο
598 1691 630 1728 μ
637 1676 758 1731 βρες
778 1676 934 1718 editum
954 1688 1006 1716 ex
1023 1675 1122 1718 Bav.
1139 1674 1184 1718 δε
1202 1676 1247 1718 in
1262 1674 1369 1717 hanc
1388 1673 1630 1728 scripturam

285 1749 375 1791 fere
397 1748 630 1790 constanter
651 1747 750 1788 alias
771 1746 1029 1790 consentiunt
1051 1748 1218 1789 codices
1230 1761 1244 1797 ;
1281 1747 1353 1801 qui
1379 1753 1518 1788 tamen
1545 1742 1631 1798 pas·

284 1819 360 1862 fim
385 1819 567 1868 variant,
591 1811 832 1873 Ἴσομβρες,
867 1812 1102 1873 Ἴσομβροι,
1137 1811 1348 1873 Ἴνσοβρες
1358 1844 1372 1864 ,
1408 1809 1628 1869 Ἴνσοβροι,

285 1892 386 1951 quin
405 1885 466 1932 &²
466 1883 566 1932 Ἰνσο
567 1891 696 1945 αΒρες
715 1887 779 1933 &
779 1883 1016 1944 ’.Ινσομβροι
1074 1889 1117 1932 Si
1135 1888 1239 1932 fides
1257 1889 1316 1932 est
1334 1887 1529 1943 Stephani
1546 1886 1630 1940 By-

284 1969 393 2005 zant.
415 1962 641 2013 codicibus,
671 1962 759 2017 ejus
778 1968 903 2004 aetate
920 1963 964 2003 in
981 1961 1146 2016 Polybii
1166 1961 1272 2005 libro
1294 1958 1412 2004 XVI.
1422 1958 1628 2055 scriptum

282 2040 373 2076 erat
384 2026 601 2088 ''.Iveosspoe
632 2033 742 2075 conf.
765 2032 934 2075 Cluver.
951 2044 991 2088 p.
1015 2044 1039 2075 2
1046 2044 1113 2086 37

366 2131 473 2175 [hid.
493 2128 794 2186 foventium.
852 2131 1029 2187 Polybio
1050 2132 1205 2176 restitui
1222 2131 1326 2183 hoc,
1360 2144 1413 2172 ex
1437 2140 1520 2184 quo
1541 2140 1627 2170 ma·

282 2204 428 2246 nifeste
447 2213 688 2260 corruptum
706 2205 764 2247 est
781 2198 1024 2256 Τονομοίνοι,
1053 2205 1163 2260 quod
1181 2188 1332 2252 habent
1348 2194 1430 2252 hoc
1447 2201 1543 2241 loco
1561 2197 1628 2241 ed.
1677 2202 1679 2205 ’

287 2289 323 2320 ¹.
348 2289 387 2320 2.
418 2292 515 2320 cum
543 2283 643 2319 vett.
675 2277 795 2318 codd.
825 2276 1029 2317 omnibus.
1094 2273 1164 2316 Sic
1194 2282 1356 2324 autem,
1396 2270 1429 2314 Γ
1430 2284 1626 2322 ομομοωοι

281 2349 381 2391 dant
399 2349 526 2390 iidem
543 2348 637 2389 libri
661 2360 808 2388 omnes
829 2347 884 2389 II.
905 2357 970 2400 24,
993 2352 1033 2397 8.
1061 2346 1154 2399 (ubi
1182 2358 1250 2386 me
1270 2344 1530 2399 imprudente
1549 2341 1628 2383 ser-

283 2425 426 2467 vatum
445 2420 487 2460 in
506 2419 584 2461 hac
604 2419 786 2461 editione
806 2431 858 2459 ex
878 2417 1166 2473 superioribus
1175 2414 1424 2458 editionibus
1445 2406 1626 2464 Κενομοῖ

277 2506 342 2532 voc
369 2488 456 2543 est)
485 2488 529 2532 &
555 2490 691 2532 rursus
720 2488 845 2531 iidem
866 2489 922 2531 ΙΙ.
943 2501 1009 2542 32,
1029 2501 1069 2541 4.
1127 2486 1253 2537 Quod
1276 2479 1498 2537 Κενομοένοι
1528 2485 1627 2527 dant

278 2562 383 2616 Reg.
397 2561 442 2602 B.
454 2560 501 2602 C.
521 2561 564 2602 id
586 2575 609 2601 a
631 2573 755 2602 manu
774 2561 852 2603 viri
868 2558 979 2602 dofti
997 2560 1076 2611 est,
1105 2560 1177 2615 qui
1199 2558 1364 2613 Polyb-ii
1385 2557 1624 2612 scriPturam

277 2633 489 2688 scripturae
523 2632 697 2673 aliorum
733 2624 949 2674 auftdrum
993 2631 1260 2686 adaptandam
1298 2628 1461 2684 putavit
1469 2643 1482 2678 ;
1528 2626 1624 2668 satis

275 2705 391 2746 enim
418 2703 596 2754 constat,
624 2702 867 2746 Cenomanos
893 2702 1012 2745 scrIbi
1036 2702 1144 2757 apud
1162 2701 1264 2744 alios
1299 2697 1490 2744 aufitores
1523 2695 1623 2754 ejus·

275 2776 373 2820 dem
388 2774 533 2832 populi
549 2787 718 2821 nomen.

1500 2865 1619 2924 Vns.
