1742 3190
307 215 392 263 37²
668 203 1235 254 ·,·Αυωοτιιτιζοιεεε·

110 288 291 387 π
309 334 400 375 cap.
418 331 458 374 7.
494 315 691 360 Ceterum
710 317 821 372 quod
839 316 908 358 hic
926 315 1125 371 Polybius
1148 317 1228 369 ait,
1255 318 1300 361 in
1320 317 1480 361 foedere
1499 317 1649 361 Roma.

311 404 459 434 norum
478 403 575 432 cum
593 387 815 430 Asdrubale
835 387 984 430 nullam
1005 388 1168 444 reliqua·
1187 385 1412 444 Hispania,
1448 389 1534 432 scil.
1553 401 1649 444 quae

310 470 425 506 trans
448 461 612 504 Iberum
630 458 706 510 est,
737 459 969 501 mentionem
975 455 1099 514 smffi’
1105 457 1292 513 faffam,
1328 460 1471 503 Livius
1500 467 1648 505 contra

313 534 401 588 (lib.
422 531 538 576 XXI.
559 546 596 574 c.
618 529 678 583 2.)
697 530 843 572 diserte
861 530 938 581 ait,
975 531 1125 577 eodem
1142 530 1303 573 foedere
1330 540 1496 574 cautum
1517 530 1648 582 fuisse,

310 611 357 648 ut
382 603 625 659 Saguntinis
652 599 821 660 libertas
831 598 1088 655 servaretur.
1147 600 1268 645 Conf.
1295 615 1389 657 quae
1413 603 1649 644 monuimus

312 678 362 719 ad
382 675 563 732 Appiani
591 673 694 717 Hist.
716 672 883 728 Hispan.
912 685 1002 728 cap.
1021 684 1063 727 7.
1106 672 1231 716 Adde
1255 670 1404 730 Polyb.
1419 673 1497 718 111»
1522 683 1586 725 ις,
1607 682 1648 735 5.

278 742 447 792 '&111.
466 759 536 802 30.
1621 763 1624 766 ·

102 870 305 917 cap.x1v.
634 853 638 856 ⁴
728 854 1031 902 CAPVT
1094 854 1230 902 XIV.
1295 872 1297 874 ·
1418 825 1421 827 K
1520 821 1523 826 ι

129 960 223 1001 vers.
245 970 277 997 1.
396 956 512 1015 Ve's·
535 972 569 1002 1.
598 955 662 1001 iim
685 953 730 1000 τό
753 959 823 1013 τῆς
842 957 1169 1012 προκατασκευῆς
1197 957 1338 1000 οἰκὲἶον
1365 948 1644 1000 συνενῶσω-

306 1046 412 1084 μεν.
466 1031 685 1086 postquam
701 1031 838 1074 'verba
863 1031 955 1072 haec
984 1031 1027 1073 in
1063 1031 1220 1073 Lexico
1259 1029 1405 1084 Polyb.
1442 1023 1645 1082 adscripfit

307 1115 590 1154 muns'rvs,
620 1102 713 1143 haee
739 1089 919 1156 subjicit:
953 1124 1007 1136 -
1064 1101 1172 1153 „Sed
1201 1115 1282 1144 nec
1311 1101 1484 1142 verbum
1513 1098 1642 1154 ipsum

308 1175 530 1227 admodum
548 1173 696 1228 placet,
721 1186 798 1213 nec
819 1179 956 1227 aptum
976 1173 1033 1215 est
1046 1174 1143 1216 loco
1162 1172 1205 1215 δε
1225 1169 1530 1214 construffioni.
1567 1166 1650 1212 Vi-.

307 1247 428 1289 detur
447 1245 702 1287 scribendum
722 1239 961 1300 συσσῶσω
970 1258 1080 1295 μεν,
1111 1242 1415 1299 conservrmusf‘
1433 1264 1488 1276 —
1532 1238 1640 1288 Quae

305 1330 402 1362 vera
418 1317 588 1358 omnino
607 1316 769 1358 videtur
785 1314 1132 1371 effelconjefimra.
1179 1317 1316 1365 Quam
1331 1313 1643 1357 incommodum

304 1388 416 1430 enirn
436 1387 684 1429 est‘verbum
701 1386 817 1437 istud,
837 1389 949 1442 quod
967 1388 1094 1442 vulgo
1111 1387 1181 1429 hic
1198 1387 1374 1443 legitur3
1399 1393 1484 1429 tam
1498 1390 1640 1439 aptum

304 1459 364 1502 est
379 1459 482 1509 hoc,
509 1458 619 1513 quod
636 1459 677 1499 in
697 1458 784 1512 ejus
800 1457 942 1500 locum
961 1457 1216 1501 substitutum
1233 1457 1377 1506 maluit
1395 1457 1458 1498 vir
1477 1453 1637 1497 dofitus.

305 1529 664 1580 Quemadmodum
694 1529 806 1569 enim
835 1523 971 1584 σώζειν
999 1525 1046 1570 τὰ
1065 1526 1232 1585 μέτρον,
1266 1526 1437 1585 servare
1464 1525 1638 1575 madum,

302 1602 466 1652 dicunt,
501 1599 546 1643 δι
573 1601 649 1642 alia
677 1599 925 1654 hujustnodi;
960 1599 1015 1643 fic
1047 1597 1184 1657 σώζειν
1209 1595 1255 1642 ro*
1283 1599 1422 1642 οἰκέἰον
1449 1600 1637 1654 percom‘-

302 1673 427 1714 m'ode
455 1672 581 1713 fuerit
606 1669 774 1713 difmm.
831 1671 971 1716 Vtitur
993 1679 1133 1714 autem
1151 1670 1377 1727 compofito
1397 1670 1524 1712 verbo
1545 1683 1637 1711 συσ·

299 1738 438 1799 σώζειν
463 1742 660 1797 Polybius
690 1742 845 1793 noster,
887 1756 964 1797 pro
1000 1741 1172 1799 fimplici
1201 1736 1359 1799 σώζειν,
1395 1755 1493 1784 cum
1520 1740 1633 1790 ali-As,

299 1821 389 1857 tum
411 1813 466 1855 X.
493 1824 562 1866 47,
589 1823 651 1856 10.
678 1814 821 1855 eadem
848 1815 1045 1865 notione,
1076 1828 1168 1870 quae
1188 1813 1284 1857 huic
1303 1814 1398 1860 loco
1421 1811 1632 1854 convenit.
1684 1850 1686 1853 ,

296 1885 354 1927 Et
372 1885 416 1926 in
434 1884 645 1940 vulgatam
665 1885 830 1939 quidem
850 1884 1088 1940 scripturam
1109 1885 1344 1941 conspirant:>
1355 1884 1459 1934 libri,
1479 1883 1548 1938 qui
1571 1881 1631 1926 su-

295 1956 480 2011 persunt,
509 1968 679 1997 omnes:
711 1955 800 2006 sed,
833 1955 974 2011 quodfi
992 1957 1036 1998 in
1059 1956 1227 2012 antiquo
1257 1955 1502 2011 exemplari,
1531 1954 1629 1995 con-

294 2027 450 2070 servata
473 2026 541 2080 (ut
570 2026 677 2081 saepe
701 2027 743 2068 in
771 2028 917 2069 codice
946 2028 1084 2070 nostro
1103 2028 1196 2073 Vat.
1219 2025 1374 2070 fa&um
1392 2025 1538 2079 video)
1561 2038 1631 2066 ex·

295 2105 427 2141 trema
444 2098 563 2139 litera
577 2097 876 2153 praepofitionis
895 2093 969 2141 σῠν
991 2100 1033 2141 in
1059 2097 1357 2155 compofitione
1374 2098 1508 2148 verbi,
1535 2096 1630 2138 scri-

292 2176 413 2225 ptum
442 2168 557 2210 fuisse
588 2169 806 2211 statuamus
824 2176 1182 2219 CTNcnchEN,
1216 2170 1482 2225 intelligitur,
1505 2180 1629 2223 quam

290 2253 447 2297 pronus
464 2240 559 2281 inde
577 2239 702 2281 fuerit
719 2241 762 2281 in
782 2234 1061 2291 συνενώσωμεν
1080 2240 1282 2283 transitus.

110 2308 203 2349 Vers·
226 2317 259 2359 3·
375 2310 424 2353 V
418 2308 491 2365 effi
512 2322 550 2362 3.
572 2308 668 2351 mlx
687 2325 758 2358 τις.
794 2311 915 2353 Caret
932 2309 1027 2353 ποία
1043 2312 1076 2354 F
1080 2313 1155 2353 lor.
1202 2304 1320 2355 Ibid.
1337 2311 1625 2354 κατανοεῖν.

289 2381 359 2426 Sic
390 2382 565 2424 scribere
588 2380 699 2436 juffit
727 2380 892 2425 Casaub.
924 2383 967 2424 in
1005 2397 1078 2425 ora
1113 2381 1228 2426 Bafil.
1266 2381 1312 2424 ὅτ
1346 2381 1540 2424 Reiskius
1580 2382 1623 2424 in

288 2454 536 2496 Animadvv.
591 2451 647 2493 Et
668 2454 816 2495 eodem
836 2454 962 2495 modo
991 2454 1171 2495 correxit
1191 2453 1375 2508 Scaliger
1402 2454 1445 2495 in
1470 2467 1543 2494 ora
1563 2452 1622 2494 sui

212 2519 265 2588 ss
286 2525 402 2575 libri,
431 2525 503 2567 ubi
521 2522 636 2564 fimul
663 2521 879 2577 βέλτιον
905 2523 1056 2579 scripfit
1077 2538 1152 2580 pro
1173 2523 1389 2579 βελτίονα,
1425 2525 1536 2580 quod
1564 2532 1623 2582 ta-
1703 2575 1710 2583 „

282 2609 378 2638 men
396 2595 529 2638 teneri
548 2593 660 2649 poffe
681 2596 856 2638 videtur.
887 2596 997 2637 conf.
1016 2608 1103 2650 cap.
1128 2608 1192 2650 15,
1212 2607 1252 2650 4.

101 2657 196 2696 V‘fs·
213 2669 247 2705 ⁴·
363 2666 413 2709 V
407 2663 480 2732 eff
500 2677 541 2720 4.
569 2661 779 2718 συμπάσης
795 2668 933 2721 recepi
953 2680 1003 2707 ex
1023 2665 1126 2710 Vrb.
1146 2665 1242 2710 Vat.
1262 2665 1308 2709 &
1324 2667 1358 2710 F
1360 2666 1435 2708 lor.
1491 2665 1547 2710 Et
1563 2664 1619 2708 fic

279 2751 425 2779 omnes
447 2738 543 2779 dant
558 2738 705 2778 deinde
729 2737 826 2779 vers.
848 2750 888 2790 7.
929 2736 1009 2779 Sed
1029 2737 1071 2778 h.
1090 2737 1117 2778 l.
1140 2739 1268 2793 vulgo
1288 2733 1431 2792 τ’τοίσης.
1470 2737 1518 2779 In
1537 2736 1617 2779 Co·

275 2808 368 2851 dice
407 2821 674 2851 vnmNAtrz
711 2808 897 2851 exhiberi
932 2798 1068 2852 ‘to'tam
1094 2807 1201 2855 hanc
1234 2808 1363 2853 Italiae
1394 2808 1612 2864 superioris

1466 2879 1609 2922 descri-
1647 2922 1649 2925 .
