1716 3178
116 281 289 292 —u———q-

315 181 403 227 490
741 187 1233 221 ΑΒΝοι-Αῐιοκκε

313 286 566 345 recipientes
587 287 692 339 sese,
721 295 906 344 ceperunt
931 285 1005 344 τήν
1034 286 1125 333 ὑπὸ
1152 286 1255 334 πόδα
1281 291 1334 335 sc.
1359 289 1526 342 enimv,
1563 292 1660 349 mse-

316 360 464 400 riorem
476 361 617 412 locum,
638 361 707 415 qui
724 373 750 402 a
773 367 890 415 tergo
910 367 1014 411 erat,
1043 375 1071 404 a
1082 362 1298 418 posteriore
1311 363 1554 422 partejugi,
1582 379 1662 421 quo

228 466 235 472 .
314 430 456 486 pedem
475 428 629 487 referre
639 431 742 484 sunt
759 430 893 473 συσὶ-ἴτ’.
951 431 1094 481 Quum
1119 435 1163 476 in
1192 434 1362 490 planitie
1387 437 1480 492 quis
1508 435 1660 491 pedem

83 632 173 677 Cap.
182 625 331 669 LXIX
302 657 310 666 .

128 722 237 760 vers„
244 732 279 759 2.

128 865 276 912 vers43.
320 911 328 917 .

120 1433 219 1474 vers.
236 1443 272 1480 4.
314 1454 315 1457 =

120 2156 217 2197 Vei-s.
235 2157 269 2193 6.

116 2293 212 2335 Vers.
232 2304 267 2339 7.

315 502 462 565 isefert2
490 508 578 544 tum
597 519 617 543 ε
607 500 682 543 πὶ
701 495 803 545 πόδα
822 487 973 546 dicitur
991 503 1034 547 -se
1055 506 1268 564 recipere,
1297 512 1346 549 ut
1363 507 1539 563 cap.·69‚
1558 510 1602 560 8.

717 580 1023 661 CAPVT
1062 618 1258 665 LXIX.

325 757 354 778 w
401 711 511 770 Vevss
534 725 571 758 2.
601 710 646 758 δι’
670 710 826 767 &monz
845 719 930 761 τοῖν
947 720 1098 772 μηροῖν.
1155 719 1294 775 Digna
1318 716 1431 763 lestu
1452 719 1655 776 fimtquae

310 771 361 828 de
380 786 460 828 hoc
481 786 722 828 Plutarchus
743 787 897 829 habet
885 802 928 830 m
948 789 1183 845 Philopoem
1202 805 1242 846 p.
1255 801 1370 845 359.

395 857 444 900 V
438 855 512 912 ers
539 869 577 910 3.
617 854 711 914 παρ’
738 857 940 914 ἑκατέροις
973 858 1124 917 σχεδόν
1149 857 1427 921 ὑπαρχόντων.
1475 859 1656 906 Veteres

307 929 447 984 scripti
465 929 557 971 libri
578 943 724 972 omnes
751 931 950 986 (excepto
979 932 1141 975 fortafl'e
1167 933 1269 978 Vrb.
1293 948 1318 975 e
1344 947 1428 989 quo
1449 932 1564 976 nullo
1587 946 1659 975 va-

308 1002 433 1043 rietas
451 1002 500 1042 ad
522 1001 562 1042 h.
581 1000 609 1042 1.
630 1001 870 1054 adnotatur)
896 1003 1029 1058 post‘
1007 1003 1209 1064 εκοιτέροις
1238 1006 1539 1060 interpungunt
1565 1017 1654 1044 ora-

306 1073 490 1123 tionem,
515 1071 560 1114 &
582 1073 731 1115 deinde
750 1072 805 1116 fic
827 1082 1033 1129 pergunt,
1064 1072 1212 1132 σχεδὸν
1233 1073 1266 1117 δ’
1288 1071 1551 1131 ὑπαρχόντων
1569 1073 1654 1116 &c.

307 1142 618 1190 'incommodam
635 1144 878 1199 particulam
897 1144 938 1186 δὲ
957 1144 1070 1189 reste
1089 1148 1249 1194 delevit
1261 1147 1515 1203 Obsopoeus,
1542 1146 1654 1188 unde

309 1213 354 1263 ἃ
376 1215 484 1257 abest
503 1230 526 1257 a
544 1214 650 1269 seqq.
673 1215 923 1257 editionibus
943 1215 987 1260 ὅ(
1006 1232 1030 1258 a
1052 1219 1153 1273 Reg.
1165 1219 1208 1263 Β,
1219 1218 1264 1261 C.
1286 1226 1373 1261 tum
1391 1212 1653 1262 casaubonus

307 1299 435 1342 porro
458 1287 581 1330 verba
602 1282 696 1340 παρ’
724 1285 925 1343 ἑκατέροις
946 1302 968 1331 a
975 1289 1322 1344 praecedentibus
1349 1287 1569 1347 separavit,
1606 1286 1653 1332 &

309 1372 406 1405 cum
426 1357 686 1413 sequentibus
700 1358 848 1413 junxit.

392 1427 509 1487 Vers.
527 1443 568 1484 4
596 1427 822 1489 συνέβαινε.
861 1429 929 1473 Sic
951 1429 1052 1475 Vrb.
1072 1431 1182 1474 Flor.
1205 1431 1314 1487 Aug
1328 1432 1434 1487 Reg.
1443 1431 1497 1474 A.
1539 1402 1649 1473 Puto

304 1490 350 1542 ἃ
370 1500 464 1551 Vat.
485 1514 732 1558 quamquam
750 1516 801 1542 ex
820 1516 872 1545 eo
893 1503 951 1544 nil
972 1510 1179 1547 monetur.
1227 1503 1388 1545 Eodem
1407 1503 1530 1544 mode
1550 1503 1649 1544 dare

303 1572 447 1616 debuit
466 1573 560 1616 Bav.
579 1573 646 1616 sed
669 1574 821 1618 oblitus
845 1573 904 1615 est
921 1574 1111 1616 librarius
1135 1574 1451 1629 superscribere„
1489 1580 1538 1616 ut
1557 1573 1648 1615 fere

306 1633 533 1700 consuevit,
563 1643 724 1702 reliquo
746 1645 873 1690 verbo
894 1652 1122 1687 extremam
1137 1644 1332 1701 syllabam
1352 1660 1409 1692 νο,
1438 1645 1546 1686 unde
1559 1659 1648 1687 συν-

303 1712 492 1769 ε’βοᾳξίὺί
508 1716 686 1770 legitur,
732 1729 782 1756 ex
813 1729 896 1771 quo
927 1713 1077 1771 συνέβη
1106 1717 1207 1760 fecit
1233 1715 1492 1775 ObsopoeuS,
1531 1716 1650 1772 quod

293 1793 528 1840 *tenuerunt
548 1787 678 1832 ceteri
700 1787 895 1829 editores.

116 1864 214 1906 vers.
238 1875 270 1911 ς.
317 1899 325 1904 .

391 1855 504 1912 Vers.
526 1869 565 1912 5.
602 1854 824 1912 εὗψυχίαις
856 1864 1053 1903 monente
1087 1856 1237 1902 Vrfino
1269 1857 1452 1900 correxit
1478 1855 1644 1901 Casaub

299 1919 495 1994 Mendose
515 1930 580 1974 ed.
607 1943 640 1972 1.
662 1942 699 1972 2.
722 1944 818 1971 cum
841 1930 983 1975 msstis
1006 1930 1196 1975 omnibus
1217 1925 1436 1983 εὐτυχιᾝοας
1476 1928 1545 1972 Sic
1566 1929 1645 1979 111.

289 1988 343 2060 ³9,
364 1998 403 2044 6.
423 2014 639 2057 perperam
662 1996 772 2059 τύχη
793 2014 870 2057 pro
888 1999 1014 2058 ψυχῇ
1034 2001 1239 2046 dederunt
1256 2014 1424 2051 omnes;
1460 1999 1505 2046 &
1519 1983 1642 2046 Vm.

300 2083 343 2137 9»
367 2084 407 2126 7·
428 2067 536 2127 τύχη
555 2084 630 2128 pro
649 2068 785 2131 Ψύκη·

388 2141 504 2199 Vers.
520 2144 562 2189 6.
591 2144 770 2198 διασπᾷν.
812 2144 984 2187 διασπῶν
1003 2142 1105 2189 Vrb.
1119 2141 1170 2188 &
1187 2140 1285 2188 Vat.
1332 2143 1466 2195 Bene,
1489 2142 1520 2186 fi
1537 2138 1645 2187 abes-

299 2215 360 2259 set
381 2230 448 2269 uoq
466 2208 555 2271 post
573 2214 912 2270 προτειχίσματα

385 2284 500 2341 Vers.
523 2299 562 2340 7.
592 2288 670 2328 τῶν
703 2283 797 2346 παρ’
828 2284 1043 2346 ἑτέροις.
1107 2286 1200 2331 Imo
1238 2280 1333 2341 παρ’
1368 2282 1641 2342 ἑκατέροις

298 2346 572 2408 scribendum,
599 2366 647 2402 ut
665 2358 778 2414 supra
800 2360 901 2402 vers.
924 2368 961 2409 3.
979 2371 1226 2413 quamquam
1242 2358 1283 2399 h.
1302 2358 1329 2398 l.
1345 2358 1389 2398 in
1406 2358 1641 2400 mendosam

297 2429 512 2485 vulgatam
533 2430 702 2473 codices
721 2429 987 2483 conjurarunt
1003 2442 1162 2473 omnes,
1200 2428 1369 2471 Poterat
1389 2429 1516 2473 etiam
1527 2442 1639 2473 com-

213 2542 216 2545 .
256 2554 259 2558 Ι
297 2501 464 2548 modius
484 2500 566 2542 hoc
588 2500 686 2544 loco
707 2496 801 2557 παρ’
822 2498 1020 2556 ἑκατέρων
1040 2500 1201 2550 dicere,
1231 2505 1279 2542 ut
1295 2499 1393 2541 alies
1413 2499 1541 2543 solet-2
1572 2500 1640 2542 sed

298 2570 344 2617 δι
371 2571 472 2614 illud
496 2573 672 2627 probum
693 2572 772 2622 est,
803 2571 847 2614 δι
872 2571 1063 2627 ,ΡΥπωΙίῑ
1088 2584 1198 2618 nunc
1232 2571 1439 2622 dativum,
1476 2572 1526 2614 ad
1556 2571 1638 2613 evi-

295 2631 470 2688 {andum
497 2643 749 2689 diversorum
773 2644 1056 2699 genitivorum
1083 2642 1338 2684 concursum.
1377 2641 1495 2684 Conf-
1513 2643 1564 2685 ad
1584 2641 1640 2685 ΙΙ.

300 2725 369 2766 22,
396 2727 459 2759 ΙΙ.
518 2715 636 2757 Sicut
666 2729 764 2756 vero
796 2711 942 2769 ἑτέροις
971 2714 1077 2756 male
1104 2727 1179 2768 pro
1214 2709 1522 2777 enare'pocaxhd.
1548 2711 1640 2755 scri·

295 2794 438 2845 ptum,
474 2785 529 2831 fic
561 2785 734 2830 viciffim
753 2786 807 2830 ΙΙ.
830 2798 899 2840 47,
921 2797 957 2828 2.
977 2799 1052 2842 pro
1078 2782 1234 2840 ἑτέρους
1263 2799 1477 2842 pet-peram
1500 2781 1640 2833 ἑκατέ-

1545 2869 1636 2910 ρους
