1734 3164
332 212 418 257 704
751 207 1250 245 sonora-troius

134 286 310 321 —ffl—..e

118 353 210 392 vers.
232 365 253 397 9
266 352 311 398 sq,
332 317 516 373 oportuit
536 329 569 358 τι·
578 330 604 357 α
613 331 636 372 ρ
645 331 664 358 ε
671 332 702 369 μ
711 317 744 371 β
755 332 772 358 ο
785 311 844 370 λὴ
857 331 878 358 ν
888 343 901 363 ,
933 315 1004 358 vel
1023 318 1167 358 eadem
1187 318 1360 360 notione
1375 313 1434 360 'ab
1450 315 1663 375 τᾰρεμβσ.

329 385 402 445 mv
430 390 714 444 accipiendum
744 388 824 430 erit
858 387 958 429 illud
995 387 1263 438 vocabulum,
1298 395 1347 430 ut
1379 389 1577 432 sententia
1602 390 1664 441 fit,

333 475 412 512 eos,
444 461 513 516 qui
529 461 571 502 in
591 459 737 502 dextro
759 459 974 501 Paenorum
992 472 1114 501 cornu
1137 463 1276 509 erant,
1291 457 1410 512 fasta
1419 460 1595 515 flexione
1609 461 1668 504 ad

318 532 546 590 sinistram,
573 531 673 573 alios
693 530 784 572 aliis
802 529 905 582 (scil.
917 531 1185 580 remotiores,
1206 530 1284 585 >qui
1299 529 1534 585 longiorem
1556 533 1662 574 viam

329 604 552 654 habebant,
581 602 864 657 propioribUS,
893 602 963 656 qui
984 601 1165 642 breviori
1184 608 1372 655 tempore
1390 602 1530 644 locum
1548 603 1664 645 suum

331 689 480 731 capere
500 669 739 730 potuerant)
759 683 786 713 a
805 672 954 714 dextra
966 670 1049 727 sese
1077 672 1358 727 adplicabant,
1390 679 1510 730 atque
1529 674 1590 716 ita
1608 674 1663 717 la-

292 749 294 751 ’
331 748 411 788 teri
427 745 590 801 hostium
612 741 961 800 oppofitistabant.
1006 742 1188 787 Videant
1210 742 1438 794 doffloresss,
1460 743 1664 799 judicent-

331 831 424 874 que.
482 816 585 858 Mihi
608 829 685 857 nec
702 817 933 858 sermonem
950 812 1236 865 Taffimrum,
1277 825 1356 855 nec
1386 815 1485 857 artis
1509 829 1665 871 praeee-

329 895 401 945 pta
429 887 523 930 satis
550 894 764 943 comperta
795 885 898 938 effe,
929 885 973 928 δι
999 885 1082 941 ipse
1109 885 1220 927 ultro
1238 884 1474 940 profiteor,
1502 885 1570 937 &,
1597 899 1665 928 me

327 965 513 1009 tacente,
555 959 678 1014 periti
705 957 826 1000 facile
851 957 1037 1000 sentient.
1095 954 1388 999 Guischardtus
1414 970 1455 1013 p.
1482 971 1538 999 m.
1571 969 1677 1012 ¹52.¹

324 1038 418 1073 not.
439 1044 471 1072 c.
495 1031 619 1072 verba
649 1025 827 1084 ἐμβολήν
858 1024 1082 1080 ποιούμενοι
1109 1024 1156 1069 ἐκ
1186 1023 1348 1082 δόρατος
1369 1028 1518 1084 gallice
1538 1029 1663 1080 ,inter-

335 1102 546 1158 pretatur,
580 1101 632 1143 ils
655 1096 952 1156 s’e'branlbrent
976 1099 1023 1143 de
1049 1099 1179 1142 droite
1200 1094 1228 1141 d
1250 1098 1432 1154 gaudie,-
1466 1101 1598 1155 quod,
1636 1098 1666 1142 fi

331 1171 445 1215 reEke
478 1173 620 1228 capio,
659 1172 785 1215 latine
816 1172 943 1215 fuerit
975 1183 1002 1213 a
1026 1170 1178 1213 dextra
1205 1169 1343 1225 versus
1358 1170 1562 1227 sinistram
1577 1168 1665 1226 sese

330 1245 446 1300 (vel,
477 1244 654 1296 ordines)
680 1244 957 1298 explicarunt.-
992 1242 1210 1284 commode
1233 1241 1283 1283 ad
1306 1241 1568 1293 sententiam,
1596 1242 1664 1284 sed

332 1329 418 1359 non
441 1330 492 1356 ex
512 1316 642 1371 graeci
660 1315 855 1356 sermonis
878 1313 963 1356 usu.
1021 1312 1204 1357 Verbum
1223 1306 1525 1367 παρεμβάλειν
1548 1312 1664 1369 (pag.

333 1388 422 1429 ead.
445 1386 489 1429 δε
509 1386 611 1441 seq.)
634 1388 690 1428 ait
711 1387 793 1428 dici
813 1386 864 1428 de
883 1386 965 1428 acie
979 1415 991 1435 ,
1023 1397 1112 1439 quoe
1142 1395 1223 1426 una
1248 1383 1458 1440 eademque
1484 1384 1588 1426 linea
1605 1384 1669 1426 vel

319 1456 464 1514 fronte
494 1457 682 1515 irfiruffa
703 1457 781 1514 est;
817 1449 1186 1512 ἐπιπαρεμβοὲλλειν
1209 1456 1261 1497 de
1286 1456 1393 1507 acie,
1418 1466 1508 1510 quoe
1524 1449 1596 1498 atii
1612 1468 1665 1498 ex

331 1530 525 1584 parallelo
542 1529 594 1586 cst
615 1529 807 1585 opposita,
836 1528 964 1572 veluti
982 1540 1093 1569 nunc
1114 1526 1229 1578 Afri,
1257 1524 1525 1569 converfione
1545 1525 1665 1577 fasta,

330 1602 376 1644 in
397 1602 506 1643 linea
523 1601 679 1642 stabant
698 1600 818 1642 lateri
848 1600 952 1641 aciei
983 1610 1166 1641 romanae
1196 1597 1399 1652 parallela.
1457 1597 1539 1642 Sed
1558 1597 1601 1643 &
1619 1599 1663 1641 in

329 1670 397 1714 his
417 1672 604 1726 exempla
623 1670 826 1722 desidero,
864 1671 980 1713 usum
1002 1670 1127 1712 talem
1146 1668 1343 1710 sermonis
1367 1668 1663 1711 confirmantia.

329 1742 470 1787 Aliam
490 1743 570 1784 effe
589 1744 673 1784 vim
700 1743 810 1787 illius
831 1743 947 1784 verbi
964 1741 1194 1796 intelliges»,
1229 1738 1259 1780 fi
1277 1740 1504 1782 contuleris
1521 1741 1663 1782 locum

328 1816 453 1870 paulo
471 1823 565 1857 ante
584 1814 775 1864 citatum,
803 1812 877 1855 ΧΙ.
901 1824 969 1866 23,
989 1824 1016 1867 4
1029 1812 1108 1866 seq.
1127 1818 1216 1854 tum
1231 1809 1328 1852 XII.
1352 1821 1416 1865 ¹9,
1435 1811 1475 1855 6.
1491 1813 1562 1854 ubi
1581 1806 1663 1853 ἔπι·-

331 1882 633 1943 παρεμβῶλλειν
652 1880 724 1939 τήν
744 1880 934 1936 φάλαγῐικ
955 1884 1012 1926 est
1024 1882 1247 1938 phalangi,
1285 1894 1379 1936 quae
1398 1881 1525 1924 frafi'ta
1542 1882 1590 1926 δι
1607 1884 1664 1925 di-

329 1959 438 2004 vulsa
455 1955 669 1999 incesserat
686 1970 761 2012 per
781 1957 987 1998 montium
1006 1954 1231 2010 angustiaS‚
1259 1953 1471 2009 postquam
1490 1954 1533 1996 in
1553 1966 1665 2009 aper-

328 2037 374 2073 ·ta
388 2029 524 2079 venit,
541 2027 695 2085 justam
708 2026 892 2082 sormam
910 2026 1095 2076 reddere,
1131 2023 1182 2068 ἔθ’
1202 2024 1447 2079 manipulos,
1481 2026 1551 2081 qui
1565 2038 1665 2080 pone

319 2100 450 2158 secuti
469 2106 609 2153 erant,
633 2096 911 2153 fizperioribus
933 2104 1094 2154 oequata
1098 2096 1241 2152 fronte
1258 2095 1472 2150 adplicare.
1527 2096 1567 2138 T
1569 2104 1665 2138 otus

332 2173 381 2215 ab
411 2170 590 2215 austoris
616 2171 835 2229 sententia,
864 2169 893 2210 fi
922 2171 1019 2225 quid
1048 2170 1195 2219 video,
1233 2165 1279 2209 &
1306 2167 1355 2208 ab
1379 2166 1500 2222 ipfius
1522 2167 1584 2209 rei
1603 2181 1662 2209 ra-

330 2245 471 2294 tione,
511 2242 711 2285 aberravit
740 2240 1018 2289 Casaubonus;
1055 2240 1173 2294 cujus
1192 2237 1437 2282 austeritate
1451 2237 1495 2281 &
1513 2252 1590 2280 nos
1611 2248 1665 2279 ex

329 2321 447 2370 parte
474 2313 638 2368 decepti
660 2314 796 2355 minus
823 2326 873 2352 ex
907 2326 1007 2353 vero
1035 2312 1175 2352 locum
1195 2310 1305 2352 hunc
1322 2310 1366 2351 in
1386 2309 1571 2352 verfione
1594 2319 1663 2350 ex-

330 2384 558 2441 preffimus.
619 2385 748 2426 Erunt
768 2391 905 2425 tamen
927 2381 1144 2433 Lestores,
1172 2382 1303 2437 quiin
1322 2394 1368 2423 re
1389 2380 1664 2430 controversa,

331 2471 410 2499 nec
434 2456 526 2498 satis
556 2456 732 2511 liquida,
769 2454 891 2510 ipsius
920 2452 1134 2496 doeiiffimi
1159 2452 1400 2508 Interpretis
1423 2452 1548 2495 verba
1566 2447 1663 2493 defi.

330 2529 546 2571 derabunt.
604 2527 671 2569 Sic
700 2528 829 2580 igitur
854 2526 948 2567 ille:
985 2524 1143 2566 Horum
1170 2524 1242 2565 alii
1265 2536 1288 2566 e
1307 2523 1454 2566 dextro
1483 2521 1664 2569 cornuin

322 2599 528 2658 sinistram
544 2598 774 2654 flexerunt,
819 2610 867 2638 ac
888 2597 1032 2654 statim
1063 2595 1122 2638 ad
1150 2596 1342 2637 dextram
1358 2593 1474 2649 saffo
1502 2594 1663 2648 impetu,

331 2674 465 2714 latera
479 2670 642 2727 hostium
658 2669 886 2724 urgebant:
922 2669 994 2710 alii
1014 2681 1034 2709 e
1055 2668 1152 2709 loevo
1170 2679 1292 2708 corma
1311 2667 1353 2708 in
1370 2665 1562 2708 dextram
1576 2676 1661 2706 con-

331 2743 432 2799 verfi
441 2773 453 2796 ‚
488 2743 530 2786 in
543 2743 652 2784 latus
660 2741 864 2798 finssrum
882 2737 1208 2793 adversariorum
1225 2737 1296 2793 ipfi
1314 2748 1466 2792 quoque
1483 2734 1662 2778 incubat-u

330 2819 441 2856 runt.
500 2815 559 2857 At
588 2813 704 2866 sane,
740 2819 789 2856 ut
812 2813 888 2854 alia
916 2811 1127 2867 omittam,
1166 2810 1238 2865 qui
1267 2817 1292 2851 e
1317 2809 1430 2852 l-aevo
1462 2818 1594 2850 cornu
1620 2807 1662 2847 in

1475 2879 1661 2920 dextram
