<?xml version="1.0" encoding="UTF-8"?>
<!DOCTYPE html PUBLIC "-//W3C//DTD XHTML 1.0 Transitional//EN"
    "http://www.w3.org/TR/xhtml1/DTD/xhtml1-transitional.dtd">
<html xmlns="http://www.w3.org/1999/xhtml" xml:lang="en" lang="en">
 <head>
  <title>
</title>
<meta http-equiv="Content-Type" content="text/html;charset=utf-8" />
  <meta name='ocr-system' content='tesseract 3.04.00' />
  <meta name='ocr-capabilities' content='ocr_page ocr_carea ocr_par ocr_line ocrx_word'/>
</head>
<body>
  <div class='ocr_page' id='page_1' title='image "./historiarumquidq05polyuoft_0606.png"; bbox 0 0 1734 3164; ppageno 0'>
   <div class='ocr_carea' id='block_1_1' title="bbox 125 320 300 339">
    <p class='ocr_par' dir='ltr' id='par_1_1' title="bbox 125 320 300 339">
     <span class='ocr_line' id='line_1_1' title="bbox 125 320 300 339; baseline -0.023 0"><span class='ocrx_word' id='word_1_1' title='bbox 125 320 300 339; x_wconf 50' lang='lat' dir='ltr'><em>m</em></span> 
     </span>
    </p>
   </div>
   <div class='ocr_carea' id='block_1_2' title="bbox 125 342 296 353">
    <p class='ocr_par' dir='ltr' id='par_1_2' title="bbox 125 342 296 353">
     <span class='ocr_line' id='line_1_2' title="bbox 125 342 296 353; baseline -0.012 -3"><span class='ocrx_word' id='word_1_2' title='bbox 125 342 296 353; x_wconf 42' lang='grc' dir='ltr'><strong>’,ο-..Μ-</strong></span> 
     </span>
    </p>
   </div>
   <div class='ocr_carea' id='block_1_3' title="bbox 142 373 286 413">
    <p class='ocr_par' dir='ltr' id='par_1_3' title="bbox 142 373 286 413">
     <span class='ocr_line' id='line_1_3' title="bbox 142 373 286 413; baseline -0.035 0"><span class='ocrx_word' id='word_1_3' title='bbox 142 373 235 413; x_wconf 79' lang='lat' dir='ltr'><strong>Vers.</strong></span> <span class='ocrx_word' id='word_1_4' title='bbox 254 383 286 409; x_wconf 81' lang='lat'><strong>2.</strong></span> 
     </span>
    </p>
   </div>
   <div class='ocr_carea' id='block_1_4' title="bbox 135 1996 280 2045">
    <p class='ocr_par' dir='ltr' id='par_1_4' title="bbox 135 1996 280 2045">
     <span class='ocr_line' id='line_1_4' title="bbox 135 1996 280 2045; baseline -0.007 -11"><span class='ocrx_word' id='word_1_5' title='bbox 135 1996 226 2034; x_wconf 73' lang='lat' dir='ltr'><strong>vers.</strong></span> <span class='ocrx_word' id='word_1_6' title='bbox 249 2007 280 2045; x_wconf 89' lang='lat'><strong>3.</strong></span> 
     </span>
    </p>
   </div>
   <div class='ocr_carea' id='block_1_5' title="bbox 126 2704 278 2751">
    <p class='ocr_par' dir='ltr' id='par_1_5' title="bbox 126 2704 278 2751">
     <span class='ocr_line' id='line_1_5' title="bbox 126 2704 278 2751; baseline -0.013 -9"><span class='ocrx_word' id='word_1_7' title='bbox 126 2704 221 2742; x_wconf 81' lang='lat' dir='ltr'><strong>Vers.</strong></span> <span class='ocrx_word' id='word_1_8' title='bbox 241 2715 278 2751; x_wconf 83' lang='lat'><strong>4.</strong></span> 
     </span>
    </p>
   </div>
   <div class='ocr_carea' id='block_1_6' title="bbox 326 237 1236 291">
    <p class='ocr_par' dir='ltr' id='par_1_6' title="bbox 326 237 1236 291">
     <span class='ocr_line' id='line_1_6' title="bbox 326 237 1236 291; baseline -0.003 -13"><span class='ocrx_word' id='word_1_9' title='bbox 326 237 406 291; x_wconf 79' lang='lat'><strong>580</strong></span> <span class='ocrx_word' id='word_1_10' title='bbox 743 238 1236 277; x_wconf 73' lang='lat' dir='ltr'>ADNOTATIONES</span> 
     </span>
    </p>
   </div>
   <div class='ocr_carea' id='block_1_7' title="bbox 305 331 1701 2826">
    <p class='ocr_par' dir='ltr' id='par_1_7' title="bbox 305 331 1701 2826">
     <span class='ocr_line' id='line_1_7' title="bbox 322 331 1660 404; baseline -0.003 -13"><span class='ocrx_word' id='word_1_11' title='bbox 322 348 403 392; x_wconf 87' lang='lat' dir='ltr'><strong>Sed</strong></span> <span class='ocrx_word' id='word_1_12' title='bbox 423 346 564 404; x_wconf 79' lang='lat' dir='ltr'>Scipio</span> <span class='ocrx_word' id='word_1_13' title='bbox 593 361 678 389; x_wconf 92' lang='lat' dir='ltr'><strong>non</strong></span> <span class='ocrx_word' id='word_1_14' title='bbox 708 347 779 390; x_wconf 86' lang='lat' dir='ltr'><strong>nifi</strong></span> <span class='ocrx_word' id='word_1_15' title='bbox 806 348 1015 403; x_wconf 84' lang='lat' dir='ltr'>sexaginta</span> <span class='ocrx_word' id='word_1_16' title='bbox 1035 347 1231 397; x_wconf 82' lang='lat' dir='ltr'><strong>habebat,</strong></span> <span class='ocrx_word' id='word_1_17' title='bbox 1270 331 1539 400; x_wconf 66' lang='lat' dir='ltr'><strong>Sempronius</strong></span> <span class='ocrx_word' id='word_1_18' title='bbox 1565 351 1660 387; x_wconf 80' lang='lat' dir='ltr'><strong>cen-</strong></span> 
     </span>
     <span class='ocr_line' id='line_1_8' title="bbox 323 416 1657 475; baseline -0.004 -12"><span class='ocrx_word' id='word_1_19' title='bbox 323 428 412 463; x_wconf 87' lang='lat' dir='ltr'><strong>tum</strong></span> <span class='ocrx_word' id='word_1_20' title='bbox 432 416 476 462; x_wconf 71' lang='grc' dir='ltr'>ὰ</span> <span class='ocrx_word' id='word_1_21' title='bbox 496 421 727 475; x_wconf 80' lang='lat' dir='ltr'>sexaginta:</span> <span class='ocrx_word' id='word_1_22' title='bbox 756 420 921 473; x_wconf 85' lang='lat' dir='ltr'><strong>utrique</strong></span> <span class='ocrx_word' id='word_1_23' title='bbox 941 425 1079 460; x_wconf 86' lang='lat' dir='ltr'><strong>autem</strong></span> <span class='ocrx_word' id='word_1_24' title='bbox 1096 418 1249 474; x_wconf 84' lang='lat' dir='ltr'><strong>pariter</strong></span> <span class='ocrx_word' id='word_1_25' title='bbox 1265 418 1358 460; x_wconf 84' lang='lat' dir='ltr'><strong>duae</strong></span> <span class='ocrx_word' id='word_1_26' title='bbox 1379 417 1569 473; x_wconf 84' lang='lat' dir='ltr'><strong>legiones</strong></span> <span class='ocrx_word' id='word_1_27' title='bbox 1590 418 1657 459; x_wconf 84' lang='lat' dir='ltr'><strong>da·-</strong></span> 
     </span>
     <span class='ocr_line' id='line_1_9' title="bbox 322 483 1658 547; baseline -0.004 -12"><span class='ocrx_word' id='word_1_28' title='bbox 322 499 402 542; x_wconf 83' lang='lat' dir='ltr'><strong>tae,</strong></span> <span class='ocrx_word' id='word_1_29' title='bbox 431 493 541 547; x_wconf 85' lang='lat' dir='ltr'><strong>quod</strong></span> <span class='ocrx_word' id='word_1_30' title='bbox 563 492 708 533; x_wconf 82' lang='lat' dir='ltr'><strong>diserte</strong></span> <span class='ocrx_word' id='word_1_31' title='bbox 730 491 872 534; x_wconf 89' lang='lat' dir='ltr'><strong>Livius</strong></span> <span class='ocrx_word' id='word_1_32' title='bbox 890 484 1006 534; x_wconf 89' lang='grc' dir='ltr'>ΧΧΪ.</span> <span class='ocrx_word' id='word_1_33' title='bbox 1032 501 1094 543; x_wconf 80' lang='lat'><strong>17.</strong></span> <span class='ocrx_word' id='word_1_34' title='bbox 1117 490 1229 532; x_wconf 87' lang='lat' dir='ltr'><strong>dicit.</strong></span> <span class='ocrx_word' id='word_1_35' title='bbox 1271 487 1470 543; x_wconf 87' lang='lat' dir='ltr'>Polybius</span> <span class='ocrx_word' id='word_1_36' title='bbox 1491 483 1658 544; x_wconf 84' lang='lat' dir='ltr'><strong>quidem</strong></span> 
     </span>
     <span class='ocr_line' id='line_1_10' title="bbox 321 546 1657 616; baseline -0.003 -12"><span class='ocrx_word' id='word_1_37' title='bbox 321 576 406 605; x_wconf 90' lang='lat' dir='ltr'><strong>non</strong></span> <span class='ocrx_word' id='word_1_38' title='bbox 439 563 585 604; x_wconf 84' lang='lat' dir='ltr'><strong>diserte</strong></span> <span class='ocrx_word' id='word_1_39' title='bbox 613 563 695 604; x_wconf 92' lang='lat' dir='ltr'><strong>hoc</strong></span> <span class='ocrx_word' id='word_1_40' title='bbox 727 564 848 612; x_wconf 92' lang='lat' dir='ltr'><strong>loco,</strong></span> <span class='ocrx_word' id='word_1_41' title='bbox 877 552 946 603; x_wconf 87' lang='lat' dir='ltr'><strong>sed</strong></span> <span class='ocrx_word' id='word_1_42' title='bbox 977 561 1084 616; x_wconf 86' lang='lat' dir='ltr'><strong>saepe</strong></span> <span class='ocrx_word' id='word_1_43' title='bbox 1114 559 1211 602; x_wconf 65' lang='lat' dir='ltr'><strong>alifis</strong></span> <span class='ocrx_word' id='word_1_44' title='bbox 1233 559 1474 610; x_wconf 81' lang='lat' dir='ltr'><strong>declaravit,</strong></span> <span class='ocrx_word' id='word_1_45' title='bbox 1502 546 1657 600; x_wconf 80' lang='lat' dir='ltr'><strong>exerci-</strong></span> 
     </span>
     <span class='ocr_line' id='line_1_11' title="bbox 321 619 1659 687; baseline -0.005 -10"><span class='ocrx_word' id='word_1_46' title='bbox 321 641 412 677; x_wconf 87' lang='lat' dir='ltr'><strong>tum</strong></span> <span class='ocrx_word' id='word_1_47' title='bbox 439 634 691 675; x_wconf 85' lang='lat' dir='ltr'><strong>consularem</strong></span> <span class='ocrx_word' id='word_1_48' title='bbox 715 634 883 676; x_wconf 85' lang='lat' dir='ltr'><strong>duarum</strong></span> <span class='ocrx_word' id='word_1_49' title='bbox 911 619 1126 687; x_wconf 80' lang='lat' dir='ltr'><strong>legionum</strong></span> <span class='ocrx_word' id='word_1_50' title='bbox 1140 630 1268 673; x_wconf 77' lang='lat' dir='ltr'><strong>fuifl‘e.</strong></span> <span class='ocrx_word' id='word_1_51' title='bbox 1327 630 1489 685; x_wconf 79' lang='lat' dir='ltr'><strong>Quibus</strong></span> <span class='ocrx_word' id='word_1_52' title='bbox 1519 642 1571 670; x_wconf 80' lang='lat' dir='ltr'><strong>ex</strong></span> <span class='ocrx_word' id='word_1_53' title='bbox 1596 643 1659 670; x_wconf 90' lang='lat' dir='ltr'><strong>re-</strong></span> 
     </span>
     <span class='ocr_line' id='line_1_12' title="bbox 323 701 1656 758; baseline -0.004 -11"><span class='ocrx_word' id='word_1_54' title='bbox 323 703 692 758; x_wconf 35' lang='lat' dir='ltr'><strong>busfsolerti&#39;ffimus</strong></span> <span class='ocrx_word' id='word_1_55' title='bbox 703 703 845 746; x_wconf 62' lang='lat' dir='ltr'><strong>auftor</strong></span> <span class='ocrx_word' id='word_1_56' title='bbox 855 704 959 754; x_wconf 88' lang='lat' dir='ltr'><strong>libri,</strong></span> <span class='ocrx_word' id='word_1_57' title='bbox 982 702 1131 758; x_wconf 83' lang='lat' dir='ltr'><strong>gallice</strong></span> <span class='ocrx_word' id='word_1_58' title='bbox 1151 703 1382 758; x_wconf 84' lang='lat' dir='ltr'><strong>conscripti,</strong></span> <span class='ocrx_word' id='word_1_59' title='bbox 1402 703 1453 744; x_wconf 88' lang='lat' dir='ltr'><strong>de</strong></span> <span class='ocrx_word' id='word_1_60' title='bbox 1464 701 1656 756; x_wconf 83' lang='lat' dir='ltr'><strong>Navigiis</strong></span> 
     </span>
     <span class='ocr_line' id='line_1_13' title="bbox 323 766 1657 829; baseline -0.004 -10"><span class='ocrx_word' id='word_1_61' title='bbox 323 774 526 819; x_wconf 82' lang='lat' dir='ltr'><strong>Veterum</strong></span> <span class='ocrx_word' id='word_1_62' title='bbox 557 766 644 829; x_wconf 80' lang='lat' dir='ltr'><strong>(les</strong></span> <span class='ocrx_word' id='word_1_63' title='bbox 674 775 855 819; x_wconf 84' lang='lat' dir='ltr'><strong>Navires</strong></span> <span class='ocrx_word' id='word_1_64' title='bbox 887 774 957 822; x_wconf 78' lang='lat' dir='ltr'><strong>des</strong></span> <span class='ocrx_word' id='word_1_65' title='bbox 982 772 1176 824; x_wconf 80' lang='lat' dir='ltr'><strong>Anciens,</strong></span> <span class='ocrx_word' id='word_1_66' title='bbox 1221 787 1304 829; x_wconf 85' lang='lat' dir='ltr'><strong>par</strong></span> <span class='ocrx_word' id='word_1_67' title='bbox 1336 773 1400 815; x_wconf 85' lang='lat' dir='ltr'><strong>M.</strong></span> <span class='ocrx_word' id='word_1_68' title='bbox 1432 771 1657 827; x_wconf 58' lang='lat' dir='ltr'><strong>leERoyi&#39;fip.</strong></span> 
     </span>
     <span class='ocr_line' id='line_1_14' title="bbox 322 840 1701 903; baseline -0.004 -14"><span class='ocrx_word' id='word_1_69' title='bbox 322 847 379 901; x_wconf 78' lang='lat'><strong>46</strong></span> <span class='ocrx_word' id='word_1_70' title='bbox 391 846 495 902; x_wconf 89' lang='lat' dir='ltr'><strong>sqq.)</strong></span> <span class='ocrx_word' id='word_1_71' title='bbox 516 847 700 903; x_wconf 84' lang='lat' dir='ltr'><strong>colligit,</strong></span> <span class='ocrx_word' id='word_1_72' title='bbox 729 843 869 901; x_wconf 69' lang='grc' dir='ltr'><em>σκάφη</em></span> <span class='ocrx_word' id='word_1_73' title='bbox 889 840 1129 902; x_wconf 59' lang='grc' dir='ltr'><strong>πεὺτηρικοὶ,</strong></span> <span class='ocrx_word' id='word_1_74' title='bbox 1167 858 1262 901; x_wconf 85' lang='lat' dir='ltr'><strong>quae</strong></span> <span class='ocrx_word' id='word_1_75' title='bbox 1289 847 1382 888; x_wconf 86' lang='lat' dir='ltr'><strong>data</strong></span> <span class='ocrx_word' id='word_1_76' title='bbox 1411 844 1658 899; x_wconf 79' lang='lat' dir='ltr'><strong>Sempronio</strong></span> <span class='ocrx_word' id='word_1_77' title='bbox 1685 852 1701 869; x_wconf 63' lang='lat'><strong>·=</strong></span> 
     </span>
     <span class='ocr_line' id='line_1_15' title="bbox 319 906 1657 974; baseline -0.004 -13"><span class='ocrx_word' id='word_1_78' title='bbox 319 919 518 973; x_wconf 88' lang='lat' dir='ltr'><strong>Polybius</strong></span> <span class='ocrx_word' id='word_1_79' title='bbox 551 920 629 970; x_wconf 85' lang='lat' dir='ltr'><strong>ait,</strong></span> <span class='ocrx_word' id='word_1_80' title='bbox 658 919 833 961; x_wconf 85' lang='lat' dir='ltr'><strong>formam</strong></span> <span class='ocrx_word' id='word_1_81' title='bbox 863 919 1031 974; x_wconf 88' lang='lat' dir='ltr'><strong>quidem</strong></span> <span class='ocrx_word' id='word_1_82' title='bbox 1054 906 1255 968; x_wconf 74' lang='lat' dir='ltr'><strong>habuisse,</strong></span> <span class='ocrx_word' id='word_1_83' title='bbox 1293 909 1657 972; x_wconf 79' lang='lat' dir='ltr'><strong>quinqueremibus</strong></span> 
     </span>
     <span class='ocr_line' id='line_1_16' title="bbox 321 980 1656 1041; baseline -0.003 -9"><span class='ocrx_word' id='word_1_84' title='bbox 321 989 515 1041; x_wconf 66' lang='lat' dir='ltr'><strong>similem,</strong></span> <span class='ocrx_word' id='word_1_85' title='bbox 554 997 741 1033; x_wconf 83' lang='lat' dir='ltr'><strong>ceterum</strong></span> <span class='ocrx_word' id='word_1_86' title='bbox 767 980 890 1034; x_wconf 82' lang='lat' dir='ltr'><strong>molis</strong></span> <span class='ocrx_word' id='word_1_87' title='bbox 918 983 1034 1032; x_wconf 85' lang='lat' dir='ltr'><strong>fuisse</strong></span> <span class='ocrx_word' id='word_1_88' title='bbox 1062 988 1194 1030; x_wconf 87' lang='lat' dir='ltr'><strong>multo</strong></span> <span class='ocrx_word' id='word_1_89' title='bbox 1219 989 1404 1030; x_wconf 78' lang='lat' dir='ltr'><strong>minoris.</strong></span> <span class='ocrx_word' id='word_1_90' title='bbox 1469 986 1572 1037; x_wconf 86' lang='lat' dir='ltr'><strong>Sed,</strong></span> <span class='ocrx_word' id='word_1_91' title='bbox 1607 993 1656 1029; x_wconf 88' lang='lat' dir='ltr'><strong>ut</strong></span> 
     </span>
     <span class='ocr_line' id='line_1_17' title="bbox 322 1059 1656 1116; baseline -0.002 -13"><span class='ocrx_word' id='word_1_92' title='bbox 322 1062 533 1112; x_wconf 84' lang='lat' dir='ltr'><strong>omittam,</strong></span> <span class='ocrx_word' id='word_1_93' title='bbox 574 1063 684 1116; x_wconf 91' lang='lat' dir='ltr'><strong>quod</strong></span> <span class='ocrx_word' id='word_1_94' title='bbox 725 1061 931 1116; x_wconf 85' lang='lat' dir='ltr'><strong>aliquanto</strong></span> <span class='ocrx_word' id='word_1_95' title='bbox 964 1061 1161 1115; x_wconf 83' lang='lat' dir='ltr'><strong>majorem</strong></span> <span class='ocrx_word' id='word_1_96' title='bbox 1196 1059 1401 1101; x_wconf 86' lang='lat' dir='ltr'><strong>sociorum</strong></span> <span class='ocrx_word' id='word_1_97' title='bbox 1438 1070 1656 1101; x_wconf 86' lang='lat' dir='ltr'><strong>numerum</strong></span> 
     </span>
     <span class='ocr_line' id='line_1_18' title="bbox 320 1129 1654 1188; baseline -0.003 -14"><span class='ocrx_word' id='word_1_98' title='bbox 320 1131 567 1188; x_wconf 83' lang='lat' dir='ltr'><strong>Sempronio</strong></span> <span class='ocrx_word' id='word_1_99' title='bbox 589 1131 728 1174; x_wconf 86' lang='lat' dir='ltr'><strong>datum</strong></span> <span class='ocrx_word' id='word_1_100' title='bbox 745 1133 887 1174; x_wconf 78' lang='lat' dir='ltr'><strong>Livius</strong></span> <span class='ocrx_word' id='word_1_101' title='bbox 905 1133 932 1174; x_wconf 91' lang='lat' dir='ltr'><strong>l.</strong></span> <span class='ocrx_word' id='word_1_102' title='bbox 953 1146 989 1172; x_wconf 91' lang='lat' dir='ltr'><strong>c.</strong></span> <span class='ocrx_word' id='word_1_103' title='bbox 1010 1131 1169 1181; x_wconf 86' lang='lat' dir='ltr'><strong>scribit,</strong></span> <span class='ocrx_word' id='word_1_104' title='bbox 1205 1131 1312 1172; x_wconf 87' lang='lat' dir='ltr'><strong>idem</strong></span> <span class='ocrx_word' id='word_1_105' title='bbox 1333 1131 1472 1173; x_wconf 82' lang='lat' dir='ltr'><strong>Livius</strong></span> <span class='ocrx_word' id='word_1_106' title='bbox 1492 1141 1576 1171; x_wconf 88' lang='lat' dir='ltr'><strong>non</strong></span> <span class='ocrx_word' id='word_1_107' title='bbox 1594 1129 1654 1170; x_wconf 87' lang='lat' dir='ltr'><strong>so-</strong></span> 
     </span>
     <span class='ocr_line' id='line_1_19' title="bbox 318 1201 1654 1259; baseline -0.001 -13"><span class='ocrx_word' id='word_1_108' title='bbox 318 1204 406 1246; x_wconf 91' lang='lat' dir='ltr'><strong>lum</strong></span> <span class='ocrx_word' id='word_1_109' title='bbox 425 1212 569 1254; x_wconf 60' lang='lat' dir='ltr'><strong>navem,</strong></span> <span class='ocrx_word' id='word_1_110' title='bbox 597 1204 781 1259; x_wconf 87' lang='lat' dir='ltr'><strong>Scipioni</strong></span> <span class='ocrx_word' id='word_1_111' title='bbox 792 1202 1120 1258; x_wconf 87' lang='lat' dir='ltr'><strong>Sempronioque</strong></span> <span class='ocrx_word' id='word_1_112' title='bbox 1141 1203 1268 1252; x_wconf 79' lang='lat' dir='ltr'><strong>dataS,</strong></span> <span class='ocrx_word' id='word_1_113' title='bbox 1293 1201 1522 1257; x_wconf 84' lang='lat' dir='ltr'><strong>promiscue</strong></span> <span class='ocrx_word' id='word_1_114' title='bbox 1542 1201 1654 1257; x_wconf 67' lang='lat' dir='ltr'><strong>quin-</strong></span> 
     </span>
     <span class='ocr_line' id='line_1_20' title="bbox 318 1271 1652 1330; baseline -0.003 -14"><span class='ocrx_word' id='word_1_115' title='bbox 318 1286 521 1330; x_wconf 82' lang='lat' dir='ltr'><strong>queremes</strong></span> <span class='ocrx_word' id='word_1_116' title='bbox 541 1274 583 1316; x_wconf 65' lang='grc' dir='ltr'><strong>ὃ(</strong></span> <span class='ocrx_word' id='word_1_117' title='bbox 600 1275 722 1316; x_wconf 62' lang='lat' dir='ltr'><strong>naves</strong></span> <span class='ocrx_word' id='word_1_118' title='bbox 749 1275 893 1329; x_wconf 84' lang='lat' dir='ltr'><strong>longas</strong></span> <span class='ocrx_word' id='word_1_119' title='bbox 914 1273 1108 1330; x_wconf 79' lang='lat' dir='ltr'><strong>adpellat‚</strong></span> <span class='ocrx_word' id='word_1_120' title='bbox 1136 1273 1231 1314; x_wconf 90' lang='lat' dir='ltr'><strong>ibid.</strong></span> <span class='ocrx_word' id='word_1_121' title='bbox 1248 1271 1292 1315; x_wconf 87' lang='lat'>&amp;</span> <span class='ocrx_word' id='word_1_122' title='bbox 1311 1286 1398 1328; x_wconf 85' lang='lat' dir='ltr'><strong>cap.</strong></span> <span class='ocrx_word' id='word_1_123' title='bbox 1421 1271 1487 1315; x_wconf 80' lang='lat'><strong>26.</strong></span> <span class='ocrx_word' id='word_1_124' title='bbox 1509 1285 1652 1314; x_wconf 81' lang='lat' dir='ltr'><strong>verum</strong></span> 
     </span>
     <span class='ocr_line' id='line_1_21' title="bbox 319 1333 1698 1401; baseline -0.002 -14"><span class='ocrx_word' id='word_1_125' title='bbox 319 1342 444 1387; x_wconf 76' lang='lat' dir='ltr'><strong>etia&#39;m</strong></span> <span class='ocrx_word' id='word_1_126' title='bbox 464 1346 609 1389; x_wconf 81' lang='lat' dir='ltr'><strong>diserte</strong></span> <span class='ocrx_word' id='word_1_127' title='bbox 626 1340 773 1396; x_wconf 83' lang='lat' dir='ltr'><strong>docet,</strong></span> <span class='ocrx_word' id='word_1_128' title='bbox 801 1360 875 1388; x_wconf 90' lang='lat' dir='ltr'><strong>cur</strong></span> <span class='ocrx_word' id='word_1_129' title='bbox 893 1346 1059 1389; x_wconf 82' lang='lat' dir='ltr'><strong>navium</strong></span> <span class='ocrx_word' id='word_1_130' title='bbox 1081 1357 1276 1387; x_wconf 85' lang='lat' dir='ltr'><strong>numerus</strong></span> <span class='ocrx_word' id='word_1_131' title='bbox 1294 1333 1483 1386; x_wconf 81' lang='lat' dir='ltr'><strong>minutus</strong></span> <span class='ocrx_word' id='word_1_132' title='bbox 1494 1342 1654 1393; x_wconf 83' lang='lat' dir='ltr'><strong>Publio,</strong></span> <span class='ocrx_word' id='word_1_133' title='bbox 1695 1398 1698 1401; x_wconf 10' lang='grc' dir='ltr'><em>Δ</em></span> 
     </span>
     <span class='ocr_line' id='line_1_22' title="bbox 317 1407 1652 1472; baseline -0.004 -13"><span class='ocrx_word' id='word_1_134' title='bbox 317 1415 543 1472; x_wconf 71' lang='lat' dir='ltr'><strong>au6tusque</strong></span> <span class='ocrx_word' id='word_1_135' title='bbox 555 1416 798 1472; x_wconf 86' lang='lat' dir='ltr'><strong>Sempronio</strong></span> <span class='ocrx_word' id='word_1_136' title='bbox 816 1417 961 1467; x_wconf 87' lang='lat' dir='ltr'><strong>fuerit;</strong></span> <span class='ocrx_word' id='word_1_137' title='bbox 991 1407 1159 1466; x_wconf 86' lang='lat' dir='ltr'><strong>scilicet,</strong></span> <span class='ocrx_word' id='word_1_138' title='bbox 1189 1413 1533 1471; x_wconf 83' lang='lat' dir='ltr'><strong>quoniam&#39;Scipio</strong></span> <span class='ocrx_word' id='word_1_139' title='bbox 1550 1427 1652 1455; x_wconf 89' lang='lat' dir='ltr'><strong>non-</strong></span> 
     </span>
     <span class='ocr_line' id='line_1_23' title="bbox 318 1485 1654 1544; baseline -0.003 -14"><span class='ocrx_word' id='word_1_140' title='bbox 318 1487 390 1530; x_wconf 79' lang='lat' dir='ltr'><strong>nisi</strong></span> <span class='ocrx_word' id='word_1_141' title='bbox 409 1490 459 1531; x_wconf 61' lang='lat' dir='ltr'><strong>ad</strong></span> <span class='ocrx_word' id='word_1_142' title='bbox 476 1489 735 1530; x_wconf 83' lang='lat' dir='ltr'><strong>deducendas</strong></span> <span class='ocrx_word' id='word_1_143' title='bbox 754 1487 1003 1544; x_wconf 85' lang='lat' dir='ltr'><strong>potiffimum</strong></span> <span class='ocrx_word' id='word_1_144' title='bbox 1023 1489 1164 1542; x_wconf 84' lang='lat' dir='ltr'><strong>copias</strong></span> <span class='ocrx_word' id='word_1_145' title='bbox 1185 1486 1356 1529; x_wconf 85' lang='lat' dir='ltr'><strong>navibus</strong></span> <span class='ocrx_word' id='word_1_146' title='bbox 1378 1499 1484 1542; x_wconf 89' lang='lat' dir='ltr'><strong>opus</strong></span> <span class='ocrx_word' id='word_1_147' title='bbox 1502 1485 1654 1527; x_wconf 82' lang='lat' dir='ltr'><strong>habere</strong></span> 
     </span>
     <span class='ocr_line' id='line_1_24' title="bbox 316 1555 1652 1615; baseline -0.002 -14"><span class='ocrx_word' id='word_1_148' title='bbox 316 1560 424 1602; x_wconf 85' lang='lat' dir='ltr'><strong>visus</strong></span> <span class='ocrx_word' id='word_1_149' title='bbox 450 1568 561 1609; x_wconf 81' lang='lat' dir='ltr'><strong>erat3</strong></span> <span class='ocrx_word' id='word_1_150' title='bbox 592 1558 859 1615; x_wconf 85' lang='lat' dir='ltr'><strong>Sempronius</strong></span> <span class='ocrx_word' id='word_1_151' title='bbox 884 1573 986 1602; x_wconf 85' lang='lat' dir='ltr'><strong>vero</strong></span> <span class='ocrx_word' id='word_1_152' title='bbox 1013 1557 1175 1601; x_wconf 84' lang='lat' dir='ltr'><strong>classem</strong></span> <span class='ocrx_word' id='word_1_153' title='bbox 1200 1559 1251 1600; x_wconf 83' lang='lat' dir='ltr'><strong>ad</strong></span> <span class='ocrx_word' id='word_1_154' title='bbox 1281 1558 1470 1614; x_wconf 86' lang='lat' dir='ltr'><strong>praelium</strong></span> <span class='ocrx_word' id='word_1_155' title='bbox 1501 1555 1652 1599; x_wconf 85' lang='lat' dir='ltr'><strong>mariti-</strong></span> 
     </span>
     <span class='ocr_line' id='line_1_25' title="bbox 317 1626 1651 1686; baseline -0.004 -12"><span class='ocrx_word' id='word_1_156' title='bbox 317 1645 443 1682; x_wconf 89' lang='lat' dir='ltr'><strong>mum,</strong></span> <span class='ocrx_word' id='word_1_157' title='bbox 473 1630 501 1672; x_wconf 89' lang='lat' dir='ltr'><strong>fi</strong></span> <span class='ocrx_word' id='word_1_158' title='bbox 521 1633 579 1673; x_wconf 84' lang='lat' dir='ltr'><strong>ita</strong></span> <span class='ocrx_word' id='word_1_159' title='bbox 598 1645 664 1673; x_wconf 88' lang='lat' dir='ltr'><strong>res</strong></span> <span class='ocrx_word' id='word_1_160' title='bbox 685 1633 823 1683; x_wconf 89' lang='lat' dir='ltr'><strong>ferret,</strong></span> <span class='ocrx_word' id='word_1_161' title='bbox 855 1638 1133 1686; x_wconf 82' lang='lat' dir='ltr'><strong>comparatam</strong></span> <span class='ocrx_word' id='word_1_162' title='bbox 1154 1630 1294 1672; x_wconf 88' lang='lat' dir='ltr'><strong>debuit</strong></span> <span class='ocrx_word' id='word_1_163' title='bbox 1313 1629 1489 1671; x_wconf 77' lang='lat' dir='ltr'><strong>habere:</strong></span> <span class='ocrx_word' id='word_1_164' title='bbox 1521 1626 1651 1682; x_wconf 85' lang='lat' dir='ltr'><strong>(conf.</strong></span> 
     </span>
     <span class='ocr_line' id='line_1_26' title="bbox 318 1701 1651 1759; baseline -0.004 -15"><span class='ocrx_word' id='word_1_165' title='bbox 318 1703 407 1745; x_wconf 91' lang='lat' dir='ltr'><strong>Liv.</strong></span> <span class='ocrx_word' id='word_1_166' title='bbox 425 1702 543 1744; x_wconf 87' lang='lat' dir='ltr'><strong>XXI.</strong></span> <span class='ocrx_word' id='word_1_167' title='bbox 567 1714 622 1757; x_wconf 79' lang='lat'><strong>49</strong></span> <span class='ocrx_word' id='word_1_168' title='bbox 635 1703 738 1758; x_wconf 84' lang='lat' dir='ltr'><strong>sqq.)</strong></span> <span class='ocrx_word' id='word_1_169' title='bbox 760 1717 884 1759; x_wconf 83' lang='lat' dir='ltr'><strong>quam</strong></span> <span class='ocrx_word' id='word_1_170' title='bbox 906 1704 957 1744; x_wconf 92' lang='lat' dir='ltr'><strong>ob</strong></span> <span class='ocrx_word' id='word_1_171' title='bbox 980 1702 1138 1744; x_wconf 83' lang='lat' dir='ltr'><strong>causam</strong></span> <span class='ocrx_word' id='word_1_172' title='bbox 1159 1701 1291 1743; x_wconf 86' lang='lat' dir='ltr'><strong>multo</strong></span> <span class='ocrx_word' id='word_1_173' title='bbox 1313 1701 1466 1756; x_wconf 63' lang='lat' dir='ltr'><strong>majorir</strong></span> <span class='ocrx_word' id='word_1_174' title='bbox 1476 1711 1651 1741; x_wconf 84' lang='lat' dir='ltr'><strong>numero</strong></span> 
     </span>
     <span class='ocr_line' id='line_1_27' title="bbox 317 1770 1651 1829; baseline -0.004 -14"><span class='ocrx_word' id='word_1_175' title='bbox 317 1775 505 1825; x_wconf 80' lang='lat' dir='ltr'><strong>navium,</strong></span> <span class='ocrx_word' id='word_1_176' title='bbox 536 1773 579 1816; x_wconf 88' lang='lat'>&amp;</span> <span class='ocrx_word' id='word_1_177' title='bbox 602 1775 769 1829; x_wconf 88' lang='lat' dir='ltr'><strong>quidem</strong></span> <span class='ocrx_word' id='word_1_178' title='bbox 794 1787 878 1815; x_wconf 91' lang='lat' dir='ltr'><strong>non</strong></span> <span class='ocrx_word' id='word_1_179' title='bbox 908 1774 999 1815; x_wconf 87' lang='lat' dir='ltr'><strong>sane</strong></span> <span class='ocrx_word' id='word_1_180' title='bbox 1029 1773 1201 1815; x_wconf 84' lang='lat' dir='ltr'><strong>minoris</strong></span> <span class='ocrx_word' id='word_1_181' title='bbox 1226 1772 1371 1822; x_wconf 90' lang='lat' dir='ltr'><strong>molis,</strong></span> <span class='ocrx_word' id='word_1_182' title='bbox 1409 1770 1651 1825; x_wconf 84' lang='lat' dir='ltr'><strong>majorisque</strong></span> 
     </span>
     <span class='ocr_line' id='line_1_28' title="bbox 316 1843 1652 1899; baseline -0.004 -13"><span class='ocrx_word' id='word_1_183' title='bbox 316 1858 491 1887; x_wconf 88' lang='lat' dir='ltr'><strong>numero</strong></span> <span class='ocrx_word' id='word_1_184' title='bbox 509 1846 713 1887; x_wconf 87' lang='lat' dir='ltr'><strong>sociorum</strong></span> <span class='ocrx_word' id='word_1_185' title='bbox 730 1845 935 1889; x_wconf 84' lang='lat' dir='ltr'><strong>navalium</strong></span> <span class='ocrx_word' id='word_1_186' title='bbox 948 1874 960 1894; x_wconf 91' lang='lat'><strong>,</strong></span> <span class='ocrx_word' id='word_1_187' title='bbox 987 1845 1057 1899; x_wconf 90' lang='lat' dir='ltr'><strong>qui</strong></span> <span class='ocrx_word' id='word_1_188' title='bbox 1077 1844 1119 1885; x_wconf 90' lang='lat' dir='ltr'><strong>in</strong></span> <span class='ocrx_word' id='word_1_189' title='bbox 1138 1843 1352 1898; x_wconf 74' lang='lat' dir='ltr'><strong>legionum</strong></span> <span class='ocrx_word' id='word_1_190' title='bbox 1371 1854 1544 1884; x_wconf 90' lang='lat' dir='ltr'><strong>numero</strong></span> <span class='ocrx_word' id='word_1_191' title='bbox 1566 1853 1652 1882; x_wconf 89' lang='lat' dir='ltr'><strong>non</strong></span> 
     </span>
     <span class='ocr_line' id='line_1_29' title="bbox 317 1911 1652 1971; baseline -0.003 -14"><span class='ocrx_word' id='word_1_192' title='bbox 317 1923 433 1958; x_wconf 84' lang='lat' dir='ltr'><strong>erant</strong></span> <span class='ocrx_word' id='word_1_193' title='bbox 451 1916 744 1971; x_wconf 81' lang='lat' dir='ltr'><strong>comprehensi,</strong></span> <span class='ocrx_word' id='word_1_194' title='bbox 766 1930 872 1971; x_wconf 89' lang='lat' dir='ltr'><strong>opus</strong></span> <span class='ocrx_word' id='word_1_195' title='bbox 883 1917 922 1957; x_wconf 88' lang='lat' dir='ltr'><strong>ei</strong></span> <span class='ocrx_word' id='word_1_196' title='bbox 933 1922 1048 1971; x_wconf 28' lang='lat' dir='ltr'><strong>erats</strong></span> <span class='ocrx_word' id='word_1_197' title='bbox 1074 1914 1170 1963; x_wconf 87' lang='lat' dir='ltr'><strong>Quo</strong></span> <span class='ocrx_word' id='word_1_198' title='bbox 1191 1913 1236 1956; x_wconf 92' lang='lat'>&amp;</span> <span class='ocrx_word' id='word_1_199' title='bbox 1255 1913 1432 1969; x_wconf 86' lang='lat' dir='ltr'><strong>pertinet</strong></span> <span class='ocrx_word' id='word_1_200' title='bbox 1450 1913 1490 1954; x_wconf 91' lang='lat' dir='ltr'><strong>id</strong></span> <span class='ocrx_word' id='word_1_201' title='bbox 1508 1911 1652 1968; x_wconf 88' lang='lat' dir='ltr'><strong>ipsum,</strong></span> 
     </span>
     <span class='ocr_line' id='line_1_30' title="bbox 315 1977 1649 2043; baseline -0.004 -14"><span class='ocrx_word' id='word_1_202' title='bbox 315 1988 425 2042; x_wconf 84' lang='lat' dir='ltr'><strong>quod</strong></span> <span class='ocrx_word' id='word_1_203' title='bbox 442 1998 539 2029; x_wconf 83' lang='lat' dir='ltr'><strong>mox</strong></span> <span class='ocrx_word' id='word_1_204' title='bbox 563 1986 692 2043; x_wconf 64' lang='lat' dir='ltr'><strong>Versu</strong></span> <span class='ocrx_word' id='word_1_205' title='bbox 714 1998 750 2037; x_wconf 90' lang='lat'><strong>3.</strong></span> <span class='ocrx_word' id='word_1_206' title='bbox 768 1988 906 2042; x_wconf 85' lang='lat' dir='ltr'><strong>adjicit</strong></span> <span class='ocrx_word' id='word_1_207' title='bbox 927 1979 1136 2041; x_wconf 84' lang='lat' dir='ltr'><strong>Polybius,</strong></span> <span class='ocrx_word' id='word_1_208' title='bbox 1166 2001 1185 2027; x_wconf 88' lang='grc' dir='ltr'><strong>ο</strong></span> <span class='ocrx_word' id='word_1_209' title='bbox 1198 1980 1240 2032; x_wconf 71' lang='grc' dir='ltr'><strong>ῖς</strong></span> <span class='ocrx_word' id='word_1_210' title='bbox 1261 1977 1360 2027; x_wconf 70' lang='grc' dir='ltr'><strong>οὕτω</strong></span> <span class='ocrx_word' id='word_1_211' title='bbox 1381 1984 1649 2037; x_wconf 70' lang='grc' dir='ltr'><strong>καταπληκτι-</strong></span> 
     </span>
     <span class='ocr_line' id='line_1_31' title="bbox 316 2052 1699 2115; baseline -0.004 -15"><span class='ocrx_word' id='word_1_212' title='bbox 316 2060 392 2106; x_wconf 72' lang='grc' dir='ltr'><strong>κῶς</strong></span> <span class='ocrx_word' id='word_1_213' title='bbox 405 2058 486 2101; x_wconf 86' lang='lat' dir='ltr'><strong>&amp;c.</strong></span> <span class='ocrx_word' id='word_1_214' title='bbox 507 2058 652 2115; x_wconf 81' lang='lat' dir='ltr'><strong>quibus</strong></span> <span class='ocrx_word' id='word_1_215' title='bbox 662 2065 746 2100; x_wconf 88' lang='lat' dir='ltr'><strong>tam</strong></span> <span class='ocrx_word' id='word_1_216' title='bbox 759 2064 885 2100; x_wconf 80' lang='lat' dir='ltr'><strong>atrox</strong></span> <span class='ocrx_word' id='word_1_217' title='bbox 905 2057 1043 2099; x_wconf 82' lang='lat' dir='ltr'><strong>bellum</strong></span> <span class='ocrx_word' id='word_1_218' title='bbox 1061 2055 1210 2111; x_wconf 72' lang='lat' dir='ltr'><strong>infirre</strong></span> <span class='ocrx_word' id='word_1_219' title='bbox 1225 2055 1323 2114; x_wconf 80' lang='lat' dir='ltr'><strong>hosti</strong></span> <span class='ocrx_word' id='word_1_220' title='bbox 1332 2054 1552 2113; x_wconf 80' lang='lat' dir='ltr'><strong>cogitabat,</strong></span> <span class='ocrx_word' id='word_1_221' title='bbox 1566 2052 1651 2096; x_wconf 62' lang='lat' dir='ltr'><strong>&amp;m</strong></span> <span class='ocrx_word' id='word_1_222' title='bbox 1688 2107 1699 2112; x_wconf 9' lang='grc' dir='ltr'><strong><em>ἃ</em></strong></span> 
     </span>
     <span class='ocr_line' id='line_1_32' title="bbox 314 2124 1649 2185; baseline -0.006 -11"><span class='ocrx_word' id='word_1_223' title='bbox 314 2129 399 2174; x_wconf 89' lang='lat' dir='ltr'><strong>Vbi</strong></span> <span class='ocrx_word' id='word_1_224' title='bbox 420 2131 553 2172; x_wconf 87' lang='lat' dir='ltr'><strong>cuivis</strong></span> <span class='ocrx_word' id='word_1_225' title='bbox 572 2127 850 2185; x_wconf 62' lang='lat' dir='ltr'><strong>aequoleftori</strong></span> <span class='ocrx_word' id='word_1_226' title='bbox 869 2130 987 2171; x_wconf 85' lang='lat' dir='ltr'><strong>facile</strong></span> <span class='ocrx_word' id='word_1_227' title='bbox 1005 2137 1107 2184; x_wconf 87' lang='lat' dir='ltr'><strong>puto</strong></span> <span class='ocrx_word' id='word_1_228' title='bbox 1119 2125 1404 2184; x_wconf 81' lang='lat' dir='ltr'><strong>probatum&#39;iri</strong></span> <span class='ocrx_word' id='word_1_229' title='bbox 1421 2126 1532 2168; x_wconf 86' lang='lat' dir='ltr'><strong>illam</strong></span> <span class='ocrx_word' id='word_1_230' title='bbox 1543 2124 1649 2167; x_wconf 87' lang='lat' dir='ltr'><strong>Reis-</strong></span> 
     </span>
     <span class='ocr_line' id='line_1_33' title="bbox 313 2192 1648 2256; baseline -0.004 -14"><span class='ocrx_word' id='word_1_231' title='bbox 313 2201 374 2242; x_wconf 82' lang='lat' dir='ltr'><strong>kii</strong></span> <span class='ocrx_word' id='word_1_232' title='bbox 394 2192 749 2253; x_wconf 81' lang='lat' dir='ltr'><strong>emendationem,</strong></span> <span class='ocrx_word' id='word_1_233' title='bbox 779 2195 871 2250; x_wconf 62' lang='grc' dir='ltr'><strong>οἷς,</strong></span> <span class='ocrx_word' id='word_1_234' title='bbox 899 2214 1021 2256; x_wconf 81' lang='lat' dir='ltr'><strong>quam</strong></span> <span class='ocrx_word' id='word_1_235' title='bbox 1040 2200 1228 2242; x_wconf 79' lang='lat' dir='ltr'><strong>voculam</strong></span> <span class='ocrx_word' id='word_1_236' title='bbox 1247 2198 1491 2253; x_wconf 83' lang='lat' dir='ltr'><strong>absorpserat</strong></span> <span class='ocrx_word' id='word_1_237' title='bbox 1511 2196 1648 2238; x_wconf 86' lang='lat' dir='ltr'><strong>termi-</strong></span> 
     </span>
     <span class='ocr_line' id='line_1_34' title="bbox 311 2261 1648 2329; baseline -0.004 -16"><span class='ocrx_word' id='word_1_238' title='bbox 311 2273 424 2314; x_wconf 84' lang='lat' dir='ltr'><strong>natio</strong></span> <span class='ocrx_word' id='word_1_239' title='bbox 442 2273 555 2314; x_wconf 84' lang='lat' dir='ltr'><strong>vocis</strong></span> <span class='ocrx_word' id='word_1_240' title='bbox 577 2272 865 2327; x_wconf 72' lang='lat' dir='ltr'><strong>praecedentis.</strong></span> <span class='ocrx_word' id='word_1_241' title='bbox 921 2293 978 2304; x_wconf 91' lang='lat'>—</span> <span class='ocrx_word' id='word_1_242' title='bbox 1035 2270 1139 2314; x_wconf 81' lang='lat' dir='ltr'><strong>Ibid.</strong></span> <span class='ocrx_word' id='word_1_243' title='bbox 1166 2265 1335 2329; x_wconf 60' lang='grc' dir='ltr'><em>πάντα</em></span> <span class='ocrx_word' id='word_1_244' title='bbox 1357 2264 1423 2323; x_wconf 62' lang='grc' dir='ltr'><strong>καὶ</strong></span> <span class='ocrx_word' id='word_1_245' title='bbox 1441 2261 1648 2320; x_wconf 76' lang='grc' dir='ltr'><strong>πανταχό-</strong></span> 
     </span>
     <span class='ocr_line' id='line_1_35' title="bbox 309 2332 1647 2400; baseline -0.004 -16"><span class='ocrx_word' id='word_1_246' title='bbox 309 2343 393 2385; x_wconf 63' lang='grc' dir='ltr'><strong>θεν</strong></span> <span class='ocrx_word' id='word_1_247' title='bbox 418 2339 628 2399; x_wconf 66' lang='grc' dir='ltr'><em>ἀθροίζων.</em></span> <span class='ocrx_word' id='word_1_248' title='bbox 688 2345 880 2400; x_wconf 80' lang='lat' dir='ltr'><strong>Magnam</strong></span> <span class='ocrx_word' id='word_1_249' title='bbox 913 2343 1091 2398; x_wconf 87' lang='lat' dir='ltr'><strong>speciem</strong></span> <span class='ocrx_word' id='word_1_250' title='bbox 1117 2342 1240 2384; x_wconf 79' lang='lat' dir='ltr'><strong>habet</strong></span> <span class='ocrx_word' id='word_1_251' title='bbox 1260 2336 1423 2387; x_wconf 64' lang='grc' dir='ltr'><em>πάντα,</em></span> <span class='ocrx_word' id='word_1_252' title='bbox 1455 2332 1565 2394; x_wconf 78' lang='lat' dir='ltr'><strong>quod</strong></span> <span class='ocrx_word' id='word_1_253' title='bbox 1596 2352 1647 2380; x_wconf 89' lang='lat' dir='ltr'><strong>ex</strong></span> 
     </span>
     <span class='ocr_line' id='line_1_36' title="bbox 312 2411 1671 2470; baseline -0.004 -14"><span class='ocrx_word' id='word_1_254' title='bbox 312 2413 512 2458; x_wconf 89' lang='lat' dir='ltr'><strong>Gronovii</strong></span> <span class='ocrx_word' id='word_1_255' title='bbox 530 2413 703 2470; x_wconf 69' lang='lat' dir='ltr'><strong>conjeft.</strong></span> <span class='ocrx_word' id='word_1_256' title='bbox 728 2415 862 2470; x_wconf 87' lang='lat' dir='ltr'><strong>posui,</strong></span> <span class='ocrx_word' id='word_1_257' title='bbox 894 2428 1015 2470; x_wconf 85' lang='lat' dir='ltr'><strong>quam</strong></span> <span class='ocrx_word' id='word_1_258' title='bbox 1038 2411 1284 2468; x_wconf 80' lang='lat' dir='ltr'><strong>fignificavit</strong></span> <span class='ocrx_word' id='word_1_259' title='bbox 1310 2413 1353 2453; x_wconf 91' lang='lat' dir='ltr'><strong>in</strong></span> <span class='ocrx_word' id='word_1_260' title='bbox 1377 2426 1449 2453; x_wconf 82' lang='lat' dir='ltr'><strong>ora</strong></span> <span class='ocrx_word' id='word_1_261' title='bbox 1468 2411 1526 2452; x_wconf 88' lang='lat' dir='ltr'><strong>sui</strong></span> <span class='ocrx_word' id='word_1_262' title='bbox 1544 2411 1671 2460; x_wconf 68' lang='lat' dir='ltr'><strong>libri,</strong></span> 
     </span>
     <span class='ocr_line' id='line_1_37' title="bbox 310 2483 1648 2541; baseline -0.003 -14"><span class='ocrx_word' id='word_1_263' title='bbox 310 2484 354 2527; x_wconf 72' lang='grc' dir='ltr'><strong>δι</strong></span> <span class='ocrx_word' id='word_1_264' title='bbox 381 2488 632 2541; x_wconf 84' lang='lat' dir='ltr'><strong>provocavit</strong></span> <span class='ocrx_word' id='word_1_265' title='bbox 659 2488 709 2529; x_wconf 71' lang='lat' dir='ltr'><strong>ad</strong></span> <span class='ocrx_word' id='word_1_266' title='bbox 738 2486 791 2528; x_wconf 91' lang='grc' dir='ltr'><strong>Π.</strong></span> <span class='ocrx_word' id='word_1_267' title='bbox 819 2499 885 2540; x_wconf 84' lang='lat'><strong>23,</strong></span> <span class='ocrx_word' id='word_1_268' title='bbox 910 2498 973 2528; x_wconf 88' lang='lat'><strong>12.</strong></span> <span class='ocrx_word' id='word_1_269' title='bbox 1003 2483 1047 2526; x_wconf 89' lang='lat'>&amp;</span> <span class='ocrx_word' id='word_1_270' title='bbox 1073 2485 1148 2526; x_wconf 81' lang='grc' dir='ltr'><strong>ΠΙ.</strong></span> <span class='ocrx_word' id='word_1_271' title='bbox 1180 2495 1249 2537; x_wconf 84' lang='lat'><strong>75,</strong></span> <span class='ocrx_word' id='word_1_272' title='bbox 1278 2495 1320 2537; x_wconf 85' lang='lat'><strong>7.</strong></span> <span class='ocrx_word' id='word_1_273' title='bbox 1377 2483 1458 2525; x_wconf 86' lang='lat' dir='ltr'><strong>Sed</strong></span> <span class='ocrx_word' id='word_1_274' title='bbox 1483 2487 1648 2537; x_wconf 81' lang='lat' dir='ltr'><strong>poterat</strong></span> 
     </span>
     <span class='ocr_line' id='line_1_38' title="bbox 311 2550 1647 2608; baseline -0.004 -8"><span class='ocrx_word' id='word_1_275' title='bbox 311 2558 436 2600; x_wconf 82' lang='lat' dir='ltr'><strong>etiam</strong></span> <span class='ocrx_word' id='word_1_276' title='bbox 460 2559 568 2600; x_wconf 80' lang='lat' dir='ltr'><strong>haud</strong></span> <span class='ocrx_word' id='word_1_277' title='bbox 589 2559 853 2600; x_wconf 86' lang='lat' dir='ltr'><strong>incommode</strong></span> <span class='ocrx_word' id='word_1_278' title='bbox 879 2556 1043 2598; x_wconf 81' lang='lat' dir='ltr'><strong>sortasse</strong></span> <span class='ocrx_word' id='word_1_279' title='bbox 1073 2556 1204 2596; x_wconf 83' lang='lat' dir='ltr'><strong>teneri</strong></span> <span class='ocrx_word' id='word_1_280' title='bbox 1234 2550 1449 2601; x_wconf 59' lang='lat' dir='ltr'><strong>›troium-occ,</strong></span> <span class='ocrx_word' id='word_1_281' title='bbox 1487 2558 1647 2608; x_wconf 79' lang='lat' dir='ltr'><strong>congre-</strong></span> 
     </span>
     <span class='ocr_line' id='line_1_39' title="bbox 305 2626 1608 2687; baseline -0.006 -14"><span class='ocrx_word' id='word_1_282' title='bbox 305 2632 428 2685; x_wconf 80' lang='lat' dir='ltr'><strong>gavit</strong></span> <span class='ocrx_word' id='word_1_283' title='bbox 449 2631 621 2686; x_wconf 77' lang='lat' dir='ltr'><strong>undz‘que</strong></span> <span class='ocrx_word' id='word_1_284' title='bbox 643 2643 795 2678; x_wconf 79' lang='lat' dir='ltr'><strong>omnes,</strong></span> <span class='ocrx_word' id='word_1_285' title='bbox 821 2637 938 2683; x_wconf 88' lang='lat' dir='ltr'><strong>puta,</strong></span> <span class='ocrx_word' id='word_1_286' title='bbox 967 2628 1141 2677; x_wconf 69' lang='lat' dir='ltr'><strong>militiae,</strong></span> <span class='ocrx_word' id='word_1_287' title='bbox 1172 2628 1234 2668; x_wconf 82' lang='lat' dir='ltr'><strong>vel</strong></span> <span class='ocrx_word' id='word_1_288' title='bbox 1251 2627 1420 2687; x_wconf 82' lang='lat' dir='ltr'><strong>remigio</strong></span> <span class='ocrx_word' id='word_1_289' title='bbox 1439 2626 1608 2667; x_wconf 79' lang='lat' dir='ltr'><strong>idoneos.</strong></span> 
     </span>
     <span class='ocr_line' id='line_1_40' title="bbox 396 2695 1643 2756; baseline -0.006 -13"><span class='ocrx_word' id='word_1_290' title='bbox 396 2702 443 2744; x_wconf 93' lang='lat' dir='ltr'><em>V</em></span> <span class='ocrx_word' id='word_1_291' title='bbox 439 2700 510 2756; x_wconf 72' lang='lat' dir='ltr'><strong>erst</strong></span> <span class='ocrx_word' id='word_1_292' title='bbox 529 2713 568 2754; x_wconf 82' lang='grc'><strong>4.</strong></span> <span class='ocrx_word' id='word_1_293' title='bbox 597 2695 842 2755; x_wconf 74' lang='grc' dir='ltr'>Λιγυστικῆν</span> <span class='ocrx_word' id='word_1_294' title='bbox 862 2700 1017 2741; x_wconf 84' lang='lat' dir='ltr'><strong>editum</strong></span> <span class='ocrx_word' id='word_1_295' title='bbox 1037 2699 1094 2740; x_wconf 87' lang='lat' dir='ltr'><strong>est</strong></span> <span class='ocrx_word' id='word_1_296' title='bbox 1117 2712 1167 2739; x_wconf 80' lang='lat' dir='ltr'><strong>ex</strong></span> <span class='ocrx_word' id='word_1_297' title='bbox 1183 2699 1279 2741; x_wconf 82' lang='lat' dir='ltr'><strong>Bav.</strong></span> <span class='ocrx_word' id='word_1_298' title='bbox 1293 2697 1398 2742; x_wconf 83' lang='lat' dir='ltr'><strong>&amp;fic</strong></span> <span class='ocrx_word' id='word_1_299' title='bbox 1410 2698 1505 2739; x_wconf 81' lang='lat' dir='ltr'><strong>dant</strong></span> <span class='ocrx_word' id='word_1_300' title='bbox 1526 2696 1643 2737; x_wconf 90' lang='lat' dir='ltr'><strong>codd.</strong></span> 
     </span>
     <span class='ocr_line' id='line_1_41' title="bbox 307 2765 1643 2826; baseline -0.003 -12"><span class='ocrx_word' id='word_1_301' title='bbox 307 2788 452 2814; x_wconf 87' lang='lat' dir='ltr'><strong>omnes</strong></span> <span class='ocrx_word' id='word_1_302' title='bbox 471 2774 522 2816; x_wconf 87' lang='grc' dir='ltr'><strong>Π.</strong></span> <span class='ocrx_word' id='word_1_303' title='bbox 545 2786 609 2826; x_wconf 86' lang='lat'><strong>31,</strong></span> <span class='ocrx_word' id='word_1_304' title='bbox 629 2786 667 2825; x_wconf 79' lang='grc'><strong>4.</strong></span> <span class='ocrx_word' id='word_1_305' title='bbox 726 2794 785 2803; x_wconf 85' lang='lat'><strong>--</strong></span> <span class='ocrx_word' id='word_1_306' title='bbox 842 2771 946 2813; x_wconf 80' lang='lat' dir='ltr'><strong>Ibid.</strong></span> <span class='ocrx_word' id='word_1_307' title='bbox 966 2765 1045 2811; x_wconf 76' lang='grc' dir='ltr'><strong>οἶπό</strong></span> <span class='ocrx_word' id='word_1_308' title='bbox 1062 2769 1222 2818; x_wconf 53' lang='lat' dir='ltr'><strong>flio-5521,</strong></span> <span class='ocrx_word' id='word_1_309' title='bbox 1254 2771 1363 2825; x_wconf 89' lang='lat' dir='ltr'><strong>quod</strong></span> <span class='ocrx_word' id='word_1_310' title='bbox 1392 2769 1433 2810; x_wconf 90' lang='lat' dir='ltr'><strong>in</strong></span> <span class='ocrx_word' id='word_1_311' title='bbox 1461 2767 1557 2811; x_wconf 82' lang='lat' dir='ltr'><strong>vers.</strong></span> <span class='ocrx_word' id='word_1_312' title='bbox 1573 2767 1643 2810; x_wconf 87' lang='lat' dir='ltr'><strong>lat.</strong></span> 
     </span>
    </p>
   </div>
   <div class='ocr_carea' id='block_1_8' title="bbox 299 2841 1644 2956">
    <p class='ocr_par' dir='ltr' id='par_1_8' title="bbox 299 2841 1644 2956">
     <span class='ocr_line' id='line_1_42' title="bbox 299 2841 1644 2902; baseline -0.005 -16"><span class='ocrx_word' id='word_1_313' title='bbox 299 2845 385 2900; x_wconf 84' lang='lat' dir='ltr'><strong>jam</strong></span> <span class='ocrx_word' id='word_1_314' title='bbox 406 2846 652 2902; x_wconf 57' lang='lat' dir='ltr'><strong>expresserat</strong></span> <span class='ocrx_word' id='word_1_315' title='bbox 669 2843 942 2897; x_wconf 67' lang='lat' dir='ltr'><strong>CasaubonuS,</strong></span> <span class='ocrx_word' id='word_1_316' title='bbox 970 2855 1056 2885; x_wconf 89' lang='lat' dir='ltr'><strong>non</strong></span> <span class='ocrx_word' id='word_1_317' title='bbox 1075 2841 1257 2887; x_wconf 78' lang='lat' dir='ltr'><strong>dubitavi</strong></span> <span class='ocrx_word' id='word_1_318' title='bbox 1275 2842 1318 2883; x_wconf 89' lang='lat' dir='ltr'><strong>in</strong></span> <span class='ocrx_word' id='word_1_319' title='bbox 1339 2852 1527 2897; x_wconf 68' lang='lat' dir='ltr'><strong>graecum</strong></span> <span class='ocrx_word' id='word_1_320' title='bbox 1548 2851 1644 2880; x_wconf 90' lang='lat' dir='ltr'><strong>con-</strong></span> 
     </span>
     <span class='ocr_line' id='line_1_43' title="bbox 1473 2918 1640 2956; baseline 0.006 -5"><span class='ocrx_word' id='word_1_321' title='bbox 1473 2918 1640 2956; x_wconf 84' lang='lat' dir='ltr'><strong>textum</strong></span> 
     </span>
    </p>
   </div>
  </div>
 </body>
</html>
