1742 3190
153 340 332 366 ...ι-

174 393 269 434 vers.
286 393 320 430 6,

351 250 435 308 356
769 260 1261 294 Annua-anonas

351 381 429 426 pro
445 371 544 409 nota
556 363 784 419 marginali,
814 377 894 418 qua
911 362 1307 414 monebaturleftor,
1334 366 1401 420 agi
1419 366 1459 407 h.
1469 366 1495 407 l.
1510 367 1560 407 de
1575 364 1692 408 Scer-

356 439 523 484 dilaedo.
578 435 699 478 Istam
724 435 864 475 notax‘n
892 435 1159 490 marginalem
1179 437 1369 490 imperite
1389 437 1430 478 in
1452 447 1696 480 contextum

354 514 603 566 receperunt
619 506 867 562 posteriores
892 506 1027 546 librr'a
1016 506 1058 546 ii.
1117 504 1198 547 Sed
1221 506 1313 548 satis
1333 506 1532 563 superque
1553 510 1603 550 de
1621 523 1694 550 no-

354 585 480 627 mine.
538 578 691 625 Virum
711 577 821 632 quod
845 577 1022 626 adtinet,
1049 576 1323 619 Scerdilaidas
1350 579 1418 619 hic
1445 581 1512 620 vel
1538 579 1696 621 Scerdi-

355 655 505 703 ladas,
533 652 604 706 qui
624 662 731 691 nunc
753 649 834 690 dux
859 648 1071 702 copiarum
1094 648 1173 690 fuit
1194 648 1345 690 Teutae
1365 650 1546 704 reginae,
1583 641 1696 692 nuifa

357 724 566 770 dubitandi
588 718 720 763 caufl'a
741 718 821 769 est,
859 720 957 773 quin
979 719 1087 760 idem
1107 719 1178 770 fit,
1216 733 1340 774 quem
1365 734 1509 776 regem
1535 721 1693 774 Illyriae

355 795 524 855 posthac
541 790 656 835 fuisse
679 790 881 846 legimus:
919 791 1163 845 videturque
1190 804 1241 831 ex
1271 793 1387 846 regia
1413 792 1534 847 stirpe
1566 790 1695 842 misse,

353 870 480 911 frater
491 863 691 920 AgroniS,
713 861 826 904 filius
837 862 1027 912 Pleurati,
1054 863 1281 904 avunculus
1299 864 1454 913 Pinnae,
1475 863 1543 904 vel
1563 863 1692 913 pinei,

353 941 406 982 de
428 951 510 992 quo
531 936 616 977 dixi
635 936 683 976 ad
702 947 789 989 cap.
807 943 845 984 4,
861 945 901 987 7.
929 934 998 974 cui
1019 934 1062 973 in
1085 948 1188 988 regi
1191 948 1262 974 um
1287 930 1508 976 succeffiss'e
1537 933 1696 975 Scerdi-

350 1010 485 1060 laedus
509 1008 683 1049 videtur.
743 1005 858 1046 Pinei
884 1011 1068 1046 extrema
1097 1007 1254 1047 mentio
1285 1005 1468 1048 occurrit
1495 1007 1601 1061 apud
1630 1005 1694 1047 Li-

352 1083 466 1125 vium
485 1077 626 1122 XXII.
641 1089 707 1131 33.
723 1077 766 1117 in
783 1076 907 1118 rebus
929 1076 1023 1117 anni
1045 1086 1138 1129 537.
1157 1077 1266 1118 conf.
1278 1077 1452 1132 Appiam.
1466 1077 1581 1131 In3r.
1605 1091 1641 1118 c.
1652 1080 1693 1127 8.

351 1152 523 1195 Posthac
561 1163 635 1191 rex
673 1157 925 1190 memoratur
963 1144 1263 1198 Scerdilaedus,
1314 1149 1404 1190 Liv.
1431 1147 1594 1191 XXVI.
1623 1160 1691 1202 24.

351 1221 555 1267 XXVIII.
575 1231 614 1274 5.
646 1219 791 1273 Polyb.
810 1217 865 1260 X.
885 1229 952 1271 41,
971 1228 1012 1271 4.
1072 1217 1151 1259 Sed
1175 1219 1406 1274 priusquam
1434 1222 1483 1262 ad
1514 1234 1691 1278 regnum

352 1294 563 1350 pervenit,
591 1291 802 1347 postquam
831 1288 968 1331 Teuta
993 1290 1138 1344 regina
1164 1303 1297 1345 regno
1325 1290 1365 1331 se
1387 1291 1613 1345 abdicavit,
1645 1291 1691 1334 &

350 1364 589 1413 Demetrius
622 1363 792 1404 Pharius
819 1360 895 1414 (ut
920 1361 1044 1402 docet
1071 1361 1153 1402 Dio
1181 1359 1334 1403 Caffius
1364 1362 1529 1418 Fragm.
1554 1358 1690 1408 vales.

350 1421 502 1479 XLVL
532 1447 572 1490 p.
596 1445 662 1476 21.
690 1434 787 1474 edit.
806 1432 1008 1481 Reimari,
1049 1432 1143 1475 coll.
1174 1432 1338 1487 Fragm.
1367 1430 1500 1476 Vrfin.
1527 1432 1628 1477 CLI.
1648 1442 1689 1487 3.

348 1507 468 1563 p364.
481 1492 697 1549 &Zonafa
716 1502 835 1548 VIII.
851 1501 936 1558 19.)
956 1502 1062 1558 regii
1083 1504 1201 1558 pueri
1214 1503 1354 1566 Pinnae
1374 1506 1545 1547 tutelam
1563 1505 1686 1548 susce-

348 1579 436 1634 pit,
473 1578 638 1619 videKur
668 1574 944 1618 Scerdilaedus
973 1574 1016 1615 in
1050 1575 1301 1617 consortium
1330 1576 1688 1619 administrationis

347 1650 470 1705 regni
497 1646 671 1698 venare,
710 1654 781 1688 aut
801 1653 914 1687 certe
929 1646 1035 1702 parti
1054 1645 1213 1700 Illyrici
1236 1659 1333 1688 cum
1353 1645 1537 1689 absoluto
1565 1661 1685 1703 paene

345 1720 522 1776 imperio
533 1718 649 1761 fuiffe
659 1715 908 1773 praefectus:
935 1730 1018 1771 quo
1040 1712 1229 1772 ternpore
1247 1731 1343 1760 cum
1359 1717 1574 1760 Demetrio
1588 1718 1686 1761 Pha·

348 1791 413 1833 rio
434 1793 485 1832 A.
506 1788 561 1834 V.
584 1800 679 1843 534.
706 1787 867 1831 classem
888 1788 1025 1843 J'unxit
1050 1802 1127 1843 pro
1156 1788 1321 1830 Aetolis
1349 1791 1400 1830 ad
1428 1791 1686 1844 populandos

347 1861 605 1905 Achaeorum
623 1859 729 1902 fines
742 1891 754 1911 ,
784 1859 929 1914 Polyb.
943 1857 1024 1911 IV.
1053 1859 1114 1902 16.
1134 1873 1232 1900 mox
1256 1874 1357 1901 vero
1379 1874 1471 1902 cum
1495 1860 1684 1916 Philippo

326 1933 485 1993 ,xfoedus
503 1933 605 1974 fecit
626 1940 768 1972 contra
783 1931 986 1981 Aetolos,
1002 1930 1145 1985 Pol'yb.
1157 1925 1435 1985 IV..29.&V.
1449 1943 1487 1985 3.
1522 1933 1685 1974 Deinde

332 1994 402 2048 'A.
426 2016 520 2059 537.
538 2004 731 2054 mercede
747 2003 977 2044 fraudatum
994 2001 1033 2042 se
1048 2001 1211 2056 questus
1231 2017 1254 2043 a
1276 2002 1488 2058 Philippo,
1507 2002 1572 2045 'ab
1594 2003 1684 2057 ejus

347 2075 528 2117 amicitia
548 2075 724 2124 defecit,
753 2072 797 2115 &
817 2074 933 2128 plura
954 2074 993 2114 ei
1013 2073 1162 2128 oppida
1182 2074 1358 2128 eripuit,
1387 2073 1533 2129 Polyb.
1543 2073 1598 2118 V.
1610 2085 1683 2127 95.

348 2156 443 2189 101.
467 2150 558 2196 108.
614 2144 759 2200 Itaque
780 2145 889 2186 bello
913 2159 936 2185 a
956 2144 1144 2200 Phinpo
1168 2146 1325 2200 petitus
1347 2144 1418 2187 est.
1445 2139 1568 2189 AssV.
1584 2150 1682 2200 538.

342 2216 492 2271 Polyb.
511 2216 567 2260 V.
590 2223 668 2267 ¹08
681 2217 762 2271 sqq.
788 2229 870 2272 quo
888 2215 998 2258 bello
1016 2216 1190 2258 Romani
1209 2216 1460 2259 Scerdilaedo
1478 2217 1681 2274 faverunt,

342 2287 440 2329 ibid.
470 2301 558 2342 cap.
582 2299 674 2344 ¹¹0.-
703 2300 782 2329 nec
814 2295 975 2338 tamen,
1016 2288 1070 2329 ob
1098 2288 1195 2328 belli
1229 2287 1484 2330 Hannibalici
1512 2289 1680 2339 molem,

341 2360 451 2400 tueri
489 2358 664 2400 firmiter
698 2359 914 2414 Illyricum
944 2373 966 2400 a
999 2358 1179 2413 Philippi·
1205 2356 1410 2399 invafione
1441 2365 1678 2414 potuerunt,

339 2431 435 2483 qui,
465 2417 562 2471 dum
583 2430 691 2471 bello
713 2430 982 2472 Hannibalico
1013 2437 1256 2484 premuntur
1283 2430 1480 2480 Romani,
1519 2429 1682 2472 Scerdi-

339 2499 450 2542 laedo
469 2501 682 2552 Ardiaeos,
711 2501 906 2543 Romanis
928 2502 1148 2541 Atintanos
1173 2502 1214 2542 in
1240 2499 1408 2554 Illyrico
1426 2503 1597 2556 eripuit,
1629 2508 1679 2544 ut
1726 2545 1730 2550 ,

320 2570 586 2626 intelligitur
611 2586 662 2612 ex
683 2572 774 2613 Liv.
789 2570 972 2614 XXVII.
995 2583 1062 2624 30.
1118 2570 1226 2612 Hinc
1255 2585 1361 2613 anno
1394 2583 1487 2625 543.
1515 2573 1678 2614 foedere

336 2640 618 2684 Romanorum
644 2656 740 2684 cum
759 2642 921 2684 Aetolis
939 2649 1083 2684 contra
1103 2642 1333 2696 Philippum
1356 2643 1681 2698 comprehensus

336 2713 417 2763 est,
454 2714 542 2757 Liv.
572 2711 735 2756 XXVI.
771 2725 837 2764 24.
895 2713 1049 2755 Filium
1079 2712 1352 2756 Scerdilaedus
1381 2705 1524 2770 habuit
1555 2713 1673 2757 Pleu-

331 2789 497 2835 ratum,
551 2798 630 2825 avo
672 2785 989 2839 cognominem,
1047 2785 1134 2826 Liv.
1171 2783 1332 2827 XXXI.
1367 2792 1436 2836 28.
1484 2786 1554 2846 qui
1595 2799 1672 2842 per

330 2855 497 2911 aliquod
526 2861 691 2910 tempus
719 2854 967 2911 simullcum
997 2864 1115 2912 patre
1140 2857 1352 2914 regnavit,
1401 2855 1446 2900 &
1475 2854 1669 2901 Thraciae
1740 2886 1742 2892 ι

1535 2929 1669 2978 θείω,
