1742 3190
125 299 302 334 8253

126 353 217 395 vers.
243 354 295 387 16.

323 223 410 268 404
609 198 620 206 ’
741 207 1242 255 ΑυΝοῚ-Λτιοκκε

326 326 531 368 consentit
554 323 763 368 Diodorus
788 324 972 376 Siculu3,
1005 325 1047 366 in
1066 325 1182 380 cujus
1202 324 1540 380 Reliquistamen
1558 337 1661 367 non-

327 396 401 440 nifi
422 396 575 439 summa
597 396 802 452 generalis
832 396 1072 438 conservata
1100 397 1180 446 est,
1210 397 1280 438 lib.
1300 395 1440 441 XXV.
1463 397 1599 452 eclog.
1622 409 1662 450 3.

329 466 510 519 ‘ptumam
538 465 706 521 ἔχοντες
735 462 865 523 πεζῶν
891 462 1080 522 μυριάδας
1106 463 1404 522 ἑβδομήκοντα,
1442 469 1593 512 ἱππέων
1620 470 1662 512 δὲ

327 537 638 593 ἑξακισμυρίους.
717 539 930 580 Paululum
967 538 1201 581 diffentiens
1249 539 1427 591 Plinius,
1455 543 1662 597 fequitum

327 625 544 656 numerum
574 612 703 661 auxit,
745 609 789 652 δι
817 625 840 651 a
868 611 1052 665 peditum
1081 610 1234 652 summa
1260 611 1322 662 (in
1351 624 1430 666 qua
1460 612 1661 667 Polybius

326 683 634 738 Transpadanos
677 678 867 725 Venetos
907 680 952 723 &
992 681 1252 723 Cenomanos
1292 672 1534 737 com‘plexus
1573 684 1660 737 est)

326 752 635 809 Transpadanos
667 752 858 802 exclufit3
898 752 968 795 ΙΙΙ.
993 764 1058 802 20,
1081 764 1147 804 24.
1201 751 1301 794 Hoec
1330 753 1382 808 est
1406 753 1555 805 Italia,
1589 756 1662 810 ait,

326 838 416 882 quat
436 824 486 866 L.
503 823 673 866 Aemilio
691 825 821 867 Paulo
833 854 845 877 ,
871 822 916 866 C.
936 821 1063 865 Atilio
1083 822 1235 877 Regulo
1253 821 1352 879 Cqffi
1370 825 1555 867 nunciato
1571 827 1662 880 gal-

256 908 259 909 ’
325 898 399 939 lico
425 898 622 947 tumultu,
640 893 731 951 stola
746 896 831 952 fine
857 896 1036 937 externis
1063 895 1152 936 ullis
1176 896 1366 946 auxiliis,
1397 901 1519 951 atque
1538 897 1661 939 etiam

324 974 413 1010 tum
427 966 514 1023 fine
543 965 861 1023 Transpadanis,
899 967 1075 1022 equitum
1095 980 1255 1008 Lxxx.
1274 968 1330 1008 M.
1348 968 1531 1020 peditum
1550 981 1657 1011 nco.

324 1040 381 1082 Μ.
412 1039 603 1081 armavit.
660 1039 806 1080 Parum
834 1052 880 1079 ac
907 1038 1009 1079 nihil
1035 1037 1123 1079 fere
1149 1053 1173 1079 a
1197 1037 1374 1092 Polybio
1401 1038 1484 1080 abit
1509 1039 1657 1082 Eutro-

324 1110 442 1167 pius,
471 1110 545 1151 111.
567 1121 604 1164 5.
624 1112 693 1165 qui
718 1118 853 1152 tamen
873 1122 957 1151 non
976 1122 1028 1149 ex
1046 1109 1242 1164 Polybio,
1276 1109 1342 1150 sed
1366 1123 1416 1150 ex
1435 1110 1550 1152 Fabii
1573 1109 1657 1152 An..

322 1182 483 1223 nalibus
502 1195 591 1222 rem
610 1180 761 1223 haufit:
804 1177 894 1222 Pro'
908 1179 1101 1223 Romanis
1113 1210 1124 1229 ‚
1154 1180 1230 1230 ait,
1258 1170 1345 1221 toto
1364 1179 1490 1221 Italia
1509 1178 1658 1230 confim-

312 1252 395 1309 fit:
423 1252 696 1309 traditumque
715 1253 767 1309 est
786 1266 812 1294 a
830 1251 955 1293 Fabio
972 1251 1172 1307 historico,
1200 1251 1270 1306 qui
1291 1252 1326 1292 ei
1345 1249 1439 1293 bello
1457 1251 1657 1306 interfuit,

323 1336 442 1366 nccc
471 1323 594 1366 millia
618 1323 818 1366 hominum
843 1329 998 1378 parata
1029 1322 1086 1364 ad
1115 1323 1160 1364 id
1186 1321 1324 1364 bellum
1342 1320 1475 1379 fitff.
1531 1323 1657 1372 Quod

326 1407 414 1436 Dcc
435 1394 563 1436 millia
578 1395 635 1437 ibi
657 1396 823 1437 codices
843 1394 1030 1436 nonnulli
1049 1394 1298 1449 praeferunt,
1329 1408 1379 1434 ex
1409 1395 1580 1448 ingenio
1609 1394 1656 1436 li-

324 1466 552 1508 brariorum
572 1467 650 1517 est,
678 1467 747 1521 qui
766 1480 983 1508 numerum
1001 1465 1115 1507 illum
1135 1463 1310 1520 Polybio
1325 1496 1336 1514 ‚
1367 1464 1554 1507 Diodoro
1577 1465 1655 1508 Pli-

322 1538 476 1594 nioque
499 1538 822 1580 consentientem
844 1538 1014 1579 reddere
1032 1537 1274 1587 voluerunt,
1300 1549 1383 1578 non
1407 1537 1654 1591 cogitantes,

319 1622 416 1651 cum
436 1610 620 1664 peditum
639 1610 898 1651 multitudine
920 1621 1028 1649 nunc
1050 1609 1235 1663 equitum
1253 1621 1470 1650 numerum
1489 1610 1530 1651 in
1545 1624 1653 1653 earn-

318 1683 414 1723 dem
431 1682 626 1723 summam
646 1681 800 1735 colligi.
847 1679 969 1722 Certe
989 1677 1032 1720 &
1053 1674 1221 1720 Orofiu's.
1242 1677 1318 1722 IV.
1345 1691 1408 1732 13.
1429 1691 1481 1721 ex
1503 1682 1653 1723 eodem

318 1753 446 1795 Fabio
465 1751 533 1805 (ut
551 1753 673 1807 paulo
697 1759 789 1793 ante
808 1752 857 1792 ad
877 1750 973 1792 vers.
992 1761 1053 1803 15.
1071 1747 1268 1802 vidimus)
1286 1751 1439 1804 pariter
1457 1749 1652 1806 offingen-

318 1829 365 1865 τα
382 1823 504 1866 millia
524 1829 776 1865 armatorum
785 1819 906 1877 ῥιψὶ»
924 1822 1064 1862 refert.
1113 1819 1238 1869 Quod
1258 1828 1396 1864 autem
1413 1822 1524 1864 idem
1545 1823 1650 1864 Oro·

315 1893 396 1936 fius
418 1909 563 1936 omnes
581 1885 665 1935 has'
677 1895 816 1949 copias
834 1892 891 1934 ad
908 1891 1134 1948 proefidz'um
1153 1893 1309 1946 imperii
1330 1906 1475 1935 revera
1494 1900 1651 1936 contra-

318 1965 423 2016 Has,
451 1964 502 2009 ἐξ
519 1967 560 2007 in
577 1963 778 2021 utriusque
800 1962 962 2018 consulis
980 1960 1285 2024 exercitufuiffe
1302 1964 1461 2014 scribit,
1498 1965 1542 2006 in
1565 1965 1648 2006 hoc

317 2038 484 2091 quidem
504 2044 574 2078 aut
596 2051 739 2092 parum
759 2033 870 2078 reste
890 2042 1074 2076 mentem
1096 2036 1208 2090 cepit
1228 2035 1366 2085 Fabii,
1401 2042 1471 2077 aut
1493 2035 1540 2078 ab
1562 2035 1647 2090 ipso

313 2107 441 2150 Fabio
461 2109 598 2163 (cujus
619 2108 831 2149 levitatem
852 2106 950 2147 alifis
972 2106 1171 2160 Polybius
1190 2106 1352 2148 notavit
1369 2106 1403 2148 Ι.
1428 2117 1476 2159 14
1489 2105 1543 2161 sq.
1569 2106 1648 2148 III.

314 2178 430 2233 8sq.)
450 2179 591 2220 fucum
611 2178 681 2220 fibi
701 2179 792 2219 fieri
813 2176 945 2232 passus
964 2177 1044 2227 est3
1075 2178 1202 2232 longe
1227 2178 1337 2220 enim
1359 2171 1535 2219 maxima
1558 2177 1646 2219 ista-

310 2263 404 2292 rum
422 2251 633 2304 copiarum
657 2263 772 2304 pars,
810 2257 855 2290 ut
883 2248 927 2290 &
955 2249 1059 2290 ratio
1089 2249 1246 2298 suadet,
1277 2247 1322 2289 &
1347 2248 1492 2290 diserte
1521 2248 1645 2302 Poly-

310 2320 403 2362 bius
422 2321 569 2370 docet,
596 2335 681 2361 non
702 2334 748 2361 re
767 2319 850 2374 ipsa
868 2321 916 2360 ad
939 2317 1258 2373 bellumffedu&a
1279 2319 1359 2369 est,
1397 2319 1462 2360 sed
1483 2325 1641 2361 tantum

309 2392 355 2432 in
376 2392 532 2433 tabulas
550 2391 695 2441 relata,
723 2397 792 2441 ut,
820 2391 891 2433 ubi
922 2405 989 2431 res
1017 2389 1189 2440 tulisset,
1223 2390 1409 2438 contrahi
1438 2389 1642 2443 educique

309 2461 454 2516 posset.
521 2463 625 2505 Mire
650 2476 751 2503 vero
782 2463 890 2503 idem
919 2462 1149 2511 Diodorus,
1185 2473 1309 2516 quem
1338 2474 1434 2502 cum
1466 2460 1642 2514 Polybio

310 2532 541 2574 consentire
573 2533 687 2587 supra
725 2533 922 2584 vidimus,
968 2533 1237 2587 exaggeravit
1272 2545 1486 2574 numerum
1499 2562 1510 2580 ,
1546 2544 1642 2572 cum

307 2603 377 2645 lib.
396 2603 474 2646 ΙΙΙ.
495 2616 583 2658 cap.
607 2614 644 2657 5.
662 2604 718 2645 ita
739 2601 901 2645 scribit:
945 2601 1126 2654 Ῥωμαῖοι
1151 2599 1288 2657 μικρὸν
1307 2599 1382 2658 πρὸ
1412 2602 1489 2644 τῶν
1514 2599 1640 2643 'Avus-

305 2670 459 2730 βεὶἱκῖῦν
483 2675 638 2729 καιρῶν,
671 2669 932 2731 προορώμενοι
953 2670 998 2716 ‘rel
1018 2671 1195 2725 μέγεθος
1216 2675 1286 2716 τοῦ
1304 2672 1493 2726 πολέμου,
1523 2670 1638 2713 κατέ·

303 2747 470 2802 γραψαν
488 2742 577 2793 τούς
597 2741 703 2787 meroe}
722 2741 977 2800 τήνἸτοιλίοιν
999 2741 1235 2800 ἐπιτηδείους
1254 2742 1306 2793 εἰς
1325 2742 1395 2800 τήν
1414 2738 1636 2800 στρατείαν,

299 2815 468 2865 πολίτας
498 2832 546 2860 τε
573 2813 640 2873 κα)
674 2813 939 2871 συμμάχους,
987 2806 1039 2859 0²52
1069 2815 1088 2858 ὁ
1112 2812 1270 2870 σύμπας
1300 2812 1472 2874 ἐριθμδς
1496 2809 1635 2868 μικρόν

1533 2881 1630 2927 αἰτέει
