<?xml version="1.0" encoding="UTF-8"?>
<!DOCTYPE html PUBLIC "-//W3C//DTD XHTML 1.0 Transitional//EN"
    "http://www.w3.org/TR/xhtml1/DTD/xhtml1-transitional.dtd">
<html xmlns="http://www.w3.org/1999/xhtml" xml:lang="en" lang="en">
 <head>
  <title>
</title>
<meta http-equiv="Content-Type" content="text/html;charset=utf-8" />
  <meta name='ocr-system' content='tesseract 3.04.00' />
  <meta name='ocr-capabilities' content='ocr_page ocr_carea ocr_par ocr_line ocrx_word'/>
</head>
<body>
  <div class='ocr_page' id='page_1' title='image "./historiarumquidq05polyuoft_0284.png"; bbox 0 0 1742 3190; ppageno 0'>
   <div class='ocr_carea' id='block_1_1' title="bbox 109 293 226 301">
    <p class='ocr_par' dir='ltr' id='par_1_1' title="bbox 109 293 226 301">
     <span class='ocr_line' id='line_1_1' title="bbox 109 293 226 301; baseline 0 2889"><span class='ocrx_word' id='word_1_1' title='bbox 109 293 226 301; x_wconf 95' lang='lat' dir='ltr'> </span> 
     </span>
    </p>
   </div>
   <div class='ocr_carea' id='block_1_2' title="bbox 297 186 1204 236">
    <p class='ocr_par' dir='ltr' id='par_1_2' title="bbox 297 186 1204 236">
     <span class='ocr_line' id='line_1_2' title="bbox 297 186 1204 236; baseline -0.001 -11"><span class='ocrx_word' id='word_1_2' title='bbox 297 186 381 236; x_wconf 66' lang='lat'>258</span> <span class='ocrx_word' id='word_1_3' title='bbox 723 192 1204 234; x_wconf 55' lang='lat' dir='ltr'>annunt-nonus</span> 
     </span>
    </p>
   </div>
   <div class='ocr_carea' id='block_1_3' title="bbox 45 288 1223 366">
    <p class='ocr_par' dir='ltr' id='par_1_3' title="bbox 45 288 1223 366">
     <span class='ocr_line' id='line_1_3' title="bbox 45 288 1223 366; baseline -0.02 -4"><span class='ocrx_word' id='word_1_4' title='bbox 45 335 47 337; x_wconf 94' lang='lat'>·</span> <span class='ocrx_word' id='word_1_5' title='bbox 105 288 296 366; x_wconf 66' lang='lat' dir='ltr'>cap.x&#39;i‘1&#39;.</span> <span class='ocrx_word' id='word_1_6' title='bbox 338 344 340 346; x_wconf 75' lang='grc'>,</span> <span class='ocrx_word' id='word_1_7' title='bbox 723 293 1223 340; x_wconf 86' lang='lat' dir='ltr'>CAPVT.XL1.</span> 
     </span>
    </p>
   </div>
   <div class='ocr_carea' id='block_1_4' title="bbox 127 376 274 415">
    <p class='ocr_par' dir='ltr' id='par_1_4' title="bbox 127 376 274 415">
     <span class='ocr_line' id='line_1_4' title="bbox 127 376 274 415; baseline -0.027 0"><span class='ocrx_word' id='word_1_8' title='bbox 127 376 221 415; x_wconf 84' lang='lat' dir='ltr'>Vers.</span> <span class='ocrx_word' id='word_1_9' title='bbox 244 385 274 412; x_wconf 78' lang='grc' dir='ltr'>ι.</span> 
     </span>
    </p>
   </div>
   <div class='ocr_carea' id='block_1_5' title="bbox 127 801 323 843">
    <p class='ocr_par' dir='ltr' id='par_1_5' title="bbox 127 801 323 843">
     <span class='ocr_line' id='line_1_5' title="bbox 127 801 323 843; baseline -0.02 -3"><span class='ocrx_word' id='word_1_10' title='bbox 127 801 221 843; x_wconf 79' lang='lat' dir='ltr'>Vers.</span> <span class='ocrx_word' id='word_1_11' title='bbox 242 810 275 838; x_wconf 78' lang='grc' dir='ltr'>ο.</span> <span class='ocrx_word' id='word_1_12' title='bbox 321 839 323 841; x_wconf 61' lang='grc'><em>,</em></span> 
     </span>
    </p>
   </div>
   <div class='ocr_carea' id='block_1_6' title="bbox 127 1008 273 1130">
    <p class='ocr_par' dir='ltr' id='par_1_6' title="bbox 127 1008 273 1130">
     <span class='ocr_line' id='line_1_6' title="bbox 127 1008 273 1056; baseline -0.021 -8"><span class='ocrx_word' id='word_1_13' title='bbox 127 1008 224 1048; x_wconf 82' lang='lat' dir='ltr'>vers.</span> <span class='ocrx_word' id='word_1_14' title='bbox 243 1018 273 1056; x_wconf 85' lang='lat'>3.</span> 
     </span>
     <span class='ocr_line' id='line_1_7' title="bbox 128 1083 273 1130; baseline -0.021 -7"><span class='ocrx_word' id='word_1_15' title='bbox 128 1083 222 1123; x_wconf 77' lang='lat' dir='ltr'>vers.</span> <span class='ocrx_word' id='word_1_16' title='bbox 238 1094 273 1130; x_wconf 79' lang='lat'>4.</span> 
     </span>
    </p>
   </div>
   <div class='ocr_carea' id='block_1_7' title="bbox 125 1368 268 1413">
    <p class='ocr_par' dir='ltr' id='par_1_7' title="bbox 125 1368 268 1413">
     <span class='ocr_line' id='line_1_8' title="bbox 125 1368 268 1413; baseline -0.007 -6"><span class='ocrx_word' id='word_1_17' title='bbox 125 1368 220 1407; x_wconf 76' lang='lat' dir='ltr'>vers.</span> <span class='ocrx_word' id='word_1_18' title='bbox 237 1376 268 1413; x_wconf 87' lang='lat'>5.</span> 
     </span>
    </p>
   </div>
   <div class='ocr_carea' id='block_1_8' title="bbox 121 1721 273 1766">
    <p class='ocr_par' dir='ltr' id='par_1_8' title="bbox 121 1721 273 1766">
     <span class='ocr_line' id='line_1_9' title="bbox 121 1721 273 1766; baseline -0.033 -2"><span class='ocrx_word' id='word_1_19' title='bbox 121 1721 220 1766; x_wconf 81' lang='lat' dir='ltr'>Vets.</span> <span class='ocrx_word' id='word_1_20' title='bbox 238 1722 273 1764; x_wconf 82' lang='lat'>6.</span> 
     </span>
    </p>
   </div>
   <div class='ocr_carea' id='block_1_9' title="bbox 281 361 1644 2899">
    <p class='ocr_par' dir='ltr' id='par_1_9' title="bbox 302 361 1644 778">
     <span class='ocr_line' id='line_1_10' title="bbox 396 361 1641 424; baseline 0.001 -13"><span class='ocrx_word' id='word_1_21' title='bbox 396 364 512 424; x_wconf 74' lang='lat' dir='ltr'>Vers.</span> <span class='ocrx_word' id='word_1_22' title='bbox 535 379 571 410; x_wconf 77' lang='grc' dir='ltr'>ι.</span> <span class='ocrx_word' id='word_1_23' title='bbox 598 361 834 423; x_wconf 70' lang='grc' dir='ltr'>ἧλοιτ7ῶα9οι]</span> <span class='ocrx_word' id='word_1_24' title='bbox 854 365 935 409; x_wconf 88' lang='lat' dir='ltr'>&amp;c.</span> <span class='ocrx_word' id='word_1_25' title='bbox 992 366 1041 408; x_wconf 91' lang='lat' dir='ltr'>In</span> <span class='ocrx_word' id='word_1_26' title='bbox 1067 367 1169 422; x_wconf 57' lang='lat' dir='ltr'>Bav.</span> <span class='ocrx_word' id='word_1_27' title='bbox 1193 367 1238 410; x_wconf 88' lang='lat'>&amp;</span> <span class='ocrx_word' id='word_1_28' title='bbox 1263 369 1360 411; x_wconf 89' lang='lat' dir='ltr'>edit.</span> <span class='ocrx_word' id='word_1_29' title='bbox 1387 381 1421 412; x_wconf 79' lang='grc'>1.</span> <span class='ocrx_word' id='word_1_30' title='bbox 1443 369 1500 412; x_wconf 90' lang='lat' dir='ltr'>est</span> <span class='ocrx_word' id='word_1_31' title='bbox 1524 371 1641 412; x_wconf 73' lang='grc' dir='ltr'><em>ἐλατ-</em></span> 
     </span>
     <span class='ocr_line' id='line_1_11' title="bbox 307 427 1642 495; baseline 0 -12"><span class='ocrx_word' id='word_1_32' title='bbox 307 439 466 495; x_wconf 69' lang='grc' dir='ltr'>τῶοθοᾳ,</span> <span class='ocrx_word' id='word_1_33' title='bbox 504 435 555 486; x_wconf 69' lang='grc' dir='ltr'>ὦς</span> <span class='ocrx_word' id='word_1_34' title='bbox 581 438 659 480; x_wconf 70' lang='grc' dir='ltr'>τῶν</span> <span class='ocrx_word' id='word_1_35' title='bbox 681 436 831 493; x_wconf 73' lang='grc' dir='ltr'><em>θηρίων</em></span> <span class='ocrx_word' id='word_1_36' title='bbox 863 427 1171 492; x_wconf 59' lang='grc' dir='ltr'>ἐστερημένους.</span> <span class='ocrx_word' id='word_1_37' title='bbox 1195 437 1240 481; x_wconf 88' lang='lat'>&amp;</span> <span class='ocrx_word' id='word_1_38' title='bbox 1269 439 1408 482; x_wconf 83' lang='lat' dir='ltr'>absunt</span> <span class='ocrx_word' id='word_1_39' title='bbox 1435 441 1560 483; x_wconf 83' lang='lat' dir='ltr'>verba</span> <span class='ocrx_word' id='word_1_40' title='bbox 1585 442 1642 483; x_wconf 84' lang='lat' dir='ltr'>se-</span> 
     </span>
     <span class='ocr_line' id='line_1_12' title="bbox 306 503 1642 567; baseline 0 -14"><span class='ocrx_word' id='word_1_41' title='bbox 306 512 472 567; x_wconf 81' lang='lat' dir='ltr'>quentia</span> <span class='ocrx_word' id='word_1_42' title='bbox 488 507 537 557; x_wconf 72' lang='grc' dir='ltr'>ὥς</span> <span class='ocrx_word' id='word_1_43' title='bbox 553 509 619 551; x_wconf 74' lang='grc' dir='ltr'>ἐπὶ</span> <span class='ocrx_word' id='word_1_44' title='bbox 637 509 759 564; x_wconf 88' lang='lat' dir='ltr'>usque</span> <span class='ocrx_word' id='word_1_45' title='bbox 779 503 1086 565; x_wconf 75' lang='grc' dir='ltr'><strong><em>κεκρατηκότας.</em></strong></span> <span class='ocrx_word' id='word_1_46' title='bbox 1128 509 1233 551; x_wconf 85' lang='lat' dir='ltr'>Haec</span> <span class='ocrx_word' id='word_1_47' title='bbox 1255 518 1394 552; x_wconf 87' lang='lat' dir='ltr'>autem</span> <span class='ocrx_word' id='word_1_48' title='bbox 1411 512 1535 554; x_wconf 86' lang='lat' dir='ltr'>verba</span> <span class='ocrx_word' id='word_1_49' title='bbox 1554 525 1642 553; x_wconf 91' lang='lat' dir='ltr'>non</span> 
     </span>
     <span class='ocr_line' id='line_1_13' title="bbox 302 579 1644 636; baseline 0 -12"><span class='ocrx_word' id='word_1_50' title='bbox 302 582 434 625; x_wconf 85' lang='lat' dir='ltr'>solum</span> <span class='ocrx_word' id='word_1_51' title='bbox 458 581 610 623; x_wconf 88' lang='lat' dir='ltr'>habent</span> <span class='ocrx_word' id='word_1_52' title='bbox 630 579 724 624; x_wconf 82' lang='lat' dir='ltr'>Vat.</span> <span class='ocrx_word' id='word_1_53' title='bbox 743 580 854 623; x_wconf 88' lang='lat' dir='ltr'>Flor.</span> <span class='ocrx_word' id='word_1_54' title='bbox 872 579 987 636; x_wconf 88' lang='lat' dir='ltr'>Aug.</span> <span class='ocrx_word' id='word_1_55' title='bbox 1009 581 1112 636; x_wconf 85' lang='lat' dir='ltr'>Reg,</span> <span class='ocrx_word' id='word_1_56' title='bbox 1123 579 1176 622; x_wconf 86' lang='lat' dir='ltr'>A.</span> <span class='ocrx_word' id='word_1_57' title='bbox 1195 580 1263 622; x_wconf 91' lang='lat' dir='ltr'>sed</span> <span class='ocrx_word' id='word_1_58' title='bbox 1284 580 1329 623; x_wconf 71' lang='grc' dir='ltr'>δε</span> <span class='ocrx_word' id='word_1_59' title='bbox 1346 582 1449 636; x_wconf 86' lang='lat' dir='ltr'>Reg.</span> <span class='ocrx_word' id='word_1_60' title='bbox 1466 581 1511 623; x_wconf 89' lang='lat' dir='ltr'>B.</span> <span class='ocrx_word' id='word_1_61' title='bbox 1529 582 1574 624; x_wconf 85' lang='lat' dir='ltr'>C.</span> <span class='ocrx_word' id='word_1_62' title='bbox 1597 581 1644 624; x_wconf 72' lang='grc' dir='ltr'>δι</span> 
     </span>
     <span class='ocr_line' id='line_1_14' title="bbox 304 651 1644 707; baseline 0 -11"><span class='ocrx_word' id='word_1_63' title='bbox 304 653 505 696; x_wconf 89' lang='lat' dir='ltr'>Aretinus</span> <span class='ocrx_word' id='word_1_64' title='bbox 532 658 656 706; x_wconf 76' lang='lat' dir='ltr'>atque</span> <span class='ocrx_word' id='word_1_65' title='bbox 685 651 900 701; x_wconf 81' lang='lat' dir='ltr'>Perottus3</span> <span class='ocrx_word' id='word_1_66' title='bbox 938 664 1074 707; x_wconf 89' lang='lat' dir='ltr'>neque</span> <span class='ocrx_word' id='word_1_67' title='bbox 1106 652 1228 694; x_wconf 86' lang='lat' dir='ltr'>video</span> <span class='ocrx_word' id='word_1_68' title='bbox 1244 682 1256 702; x_wconf 96' lang='lat'>,</span> <span class='ocrx_word' id='word_1_69' title='bbox 1296 665 1371 695; x_wconf 89' lang='lat' dir='ltr'>cur</span> <span class='ocrx_word' id='word_1_70' title='bbox 1402 667 1450 694; x_wconf 83' lang='lat' dir='ltr'>ea</span> <span class='ocrx_word' id='word_1_71' title='bbox 1476 666 1644 696; x_wconf 84' lang='lat' dir='ltr'>manum</span> 
     </span>
     <span class='ocr_line' id='line_1_15' title="bbox 305 721 1074 778; baseline -0.004 -12"><span class='ocrx_word' id='word_1_72' title='bbox 305 725 480 766; x_wconf 86' lang='lat' dir='ltr'>alienam</span> <span class='ocrx_word' id='word_1_73' title='bbox 497 723 671 778; x_wconf 87' lang='lat' dir='ltr'><strong>prodere</strong></span> <span class='ocrx_word' id='word_1_74' title='bbox 691 721 774 764; x_wconf 85' lang='lat' dir='ltr'>visa</span> <span class='ocrx_word' id='word_1_75' title='bbox 789 721 866 764; x_wconf 86' lang='lat' dir='ltr'>fint</span> <span class='ocrx_word' id='word_1_76' title='bbox 888 722 1074 764; x_wconf 84' lang='lat' dir='ltr'>Reiskio.</span> 
     </span>
    </p>

    <p class='ocr_par' dir='ltr' id='par_1_10' title="bbox 304 788 1643 992">
     <span class='ocr_line' id='line_1_16' title="bbox 389 788 1641 849; baseline -0.002 -12"><span class='ocrx_word' id='word_1_77' title='bbox 389 791 505 849; x_wconf 84' lang='lat' dir='ltr'>Vers.</span> <span class='ocrx_word' id='word_1_78' title='bbox 528 804 565 836; x_wconf 86' lang='lat'>2.</span> <span class='ocrx_word' id='word_1_79' title='bbox 596 788 658 834; x_wconf 75' lang='grc' dir='ltr'>διαὶ</span> <span class='ocrx_word' id='word_1_80' title='bbox 686 792 827 836; x_wconf 61' lang='grc' dir='ltr'>ταῦτα.</span> <span class='ocrx_word' id='word_1_81' title='bbox 885 791 1146 849; x_wconf 80' lang='lat' dir='ltr'><strong>Quamquam</strong></span> <span class='ocrx_word' id='word_1_82' title='bbox 1178 794 1221 836; x_wconf 89' lang='lat' dir='ltr'>in</span> <span class='ocrx_word' id='word_1_83' title='bbox 1252 795 1318 837; x_wconf 89' lang='lat' dir='ltr'>his</span> <span class='ocrx_word' id='word_1_84' title='bbox 1346 794 1508 844; x_wconf 88' lang='lat' dir='ltr'>verbis,</span> <span class='ocrx_word' id='word_1_85' title='bbox 1538 806 1641 849; x_wconf 83' lang='lat' dir='ltr'>prae-</span> 
     </span>
     <span class='ocr_line' id='line_1_17' title="bbox 304 859 1643 920; baseline 0 -11"><span class='ocrx_word' id='word_1_86' title='bbox 304 866 479 910; x_wconf 83' lang='lat' dir='ltr'>cedente</span> <span class='ocrx_word' id='word_1_87' title='bbox 508 859 586 912; x_wconf 74' lang='grc' dir='ltr'>διδ,</span> <span class='ocrx_word' id='word_1_88' title='bbox 620 864 878 919; x_wconf 82' lang='lat' dir='ltr'>pleonasmus</span> <span class='ocrx_word' id='word_1_89' title='bbox 907 865 1072 920; x_wconf 82' lang='lat' dir='ltr'>quidam</span> <span class='ocrx_word' id='word_1_90' title='bbox 1099 865 1224 916; x_wconf 84' lang='lat' dir='ltr'>inest,</span> <span class='ocrx_word' id='word_1_91' title='bbox 1257 879 1343 908; x_wconf 88' lang='lat' dir='ltr'>non</span> <span class='ocrx_word' id='word_1_92' title='bbox 1369 866 1562 908; x_wconf 83' lang='lat' dir='ltr'>abhorret</span> <span class='ocrx_word' id='word_1_93' title='bbox 1583 873 1643 909; x_wconf 60' lang='lat' dir='ltr'>taa</span> 
     </span>
     <span class='ocr_line' id='line_1_18' title="bbox 306 936 1603 992; baseline -0.003 -11"><span class='ocrx_word' id='word_1_94' title='bbox 306 952 423 988; x_wconf 86' lang='lat' dir='ltr'>men,</span> <span class='ocrx_word' id='word_1_95' title='bbox 449 943 497 979; x_wconf 86' lang='lat' dir='ltr'>ut</span> <span class='ocrx_word' id='word_1_96' title='bbox 515 936 653 991; x_wconf 87' lang='lat' dir='ltr'>paullo</span> <span class='ocrx_word' id='word_1_97' title='bbox 671 943 764 977; x_wconf 85' lang='lat' dir='ltr'>ante</span> <span class='ocrx_word' id='word_1_98' title='bbox 781 937 947 986; x_wconf 89' lang='lat' dir='ltr'>monui,</span> <span class='ocrx_word' id='word_1_99' title='bbox 974 951 998 977; x_wconf 83' lang='lat' dir='ltr'><strong>a</strong></span> <span class='ocrx_word' id='word_1_100' title='bbox 1019 937 1168 978; x_wconf 87' lang='lat' dir='ltr'>talibus</span> <span class='ocrx_word' id='word_1_101' title='bbox 1189 936 1318 992; x_wconf 89' lang='lat' dir='ltr'>stylus</span> <span class='ocrx_word' id='word_1_102' title='bbox 1339 937 1603 991; x_wconf 81' lang='lat' dir='ltr'>Polybianus.</span> 
     </span>
    </p>

    <p class='ocr_par' dir='ltr' id='par_1_11' title="bbox 390 1001 1561 1064">
     <span class='ocr_line' id='line_1_19' title="bbox 390 1001 1561 1064; baseline -0.003 -13"><span class='ocrx_word' id='word_1_103' title='bbox 390 1008 440 1052; x_wconf 88' lang='lat' dir='ltr'><em>V</em></span> <span class='ocrx_word' id='word_1_104' title='bbox 433 1005 506 1062; x_wconf 80' lang='lat' dir='ltr'>ers.</span> <span class='ocrx_word' id='word_1_105' title='bbox 526 1019 566 1062; x_wconf 86' lang='lat'>3.</span> <span class='ocrx_word' id='word_1_106' title='bbox 595 1001 970 1061; x_wconf 71' lang='grc' dir='ltr'>τεσσαρεσκαίδεκα.</span> <span class='ocrx_word' id='word_1_107' title='bbox 1010 1004 1240 1063; x_wconf 76' lang='grc' dir='ltr'>τετ7αρεσκ.</span> <span class='ocrx_word' id='word_1_108' title='bbox 1257 1008 1372 1064; x_wconf 87' lang='lat' dir='ltr'>Aug.</span> <span class='ocrx_word' id='word_1_109' title='bbox 1390 1007 1561 1062; x_wconf 84' lang='lat' dir='ltr'>Reg.A.</span> 
     </span>
    </p>

    <p class='ocr_par' dir='ltr' id='par_1_12' title="bbox 302 1073 1640 1278">
     <span class='ocr_line' id='line_1_20' title="bbox 391 1073 1639 1135; baseline -0.002 -13"><span class='ocrx_word' id='word_1_110' title='bbox 391 1076 506 1135; x_wconf 78' lang='lat' dir='ltr'>Vers.</span> <span class='ocrx_word' id='word_1_111' title='bbox 526 1091 567 1132; x_wconf 84' lang='grc'>4.</span> <span class='ocrx_word' id='word_1_112' title='bbox 596 1073 866 1134; x_wconf 76' lang='grc' dir='ltr'>κρατήσαντες</span> <span class='ocrx_word' id='word_1_113' title='bbox 889 1073 1047 1134; x_wconf 56' lang='lat' dir='ltr'>›md-rm.</span> <span class='ocrx_word' id='word_1_114' title='bbox 1102 1079 1253 1121; x_wconf 81' lang='lat' dir='ltr'>Forsan</span> <span class='ocrx_word' id='word_1_115' title='bbox 1284 1080 1488 1134; x_wconf 83' lang='lat' dir='ltr'>adjecerat</span> <span class='ocrx_word' id='word_1_116' title='bbox 1517 1078 1639 1133; x_wconf 81' lang='lat' dir='ltr'>Poly·</span> 
     </span>
     <span class='ocr_line' id='line_1_21' title="bbox 303 1144 1640 1206; baseline -0.004 -11"><span class='ocrx_word' id='word_1_117' title='bbox 303 1153 396 1195; x_wconf 89' lang='lat' dir='ltr'>bius</span> <span class='ocrx_word' id='word_1_118' title='bbox 415 1151 485 1206; x_wconf 76' lang='grc' dir='ltr'>τῆς</span> <span class='ocrx_word' id='word_1_119' title='bbox 502 1144 667 1197; x_wconf 76' lang='grc' dir='ltr'>πόλεως.</span> <span class='ocrx_word' id='word_1_120' title='bbox 698 1150 808 1192; x_wconf 87' lang='lat' dir='ltr'>conf.</span> <span class='ocrx_word' id='word_1_121' title='bbox 832 1164 870 1192; x_wconf 92' lang='lat' dir='ltr'>v.</span> <span class='ocrx_word' id='word_1_122' title='bbox 889 1148 930 1193; x_wconf 90' lang='lat'>6.</span> <span class='ocrx_word' id='word_1_123' title='bbox 984 1150 1067 1192; x_wconf 84' lang='lat' dir='ltr'>Sed</span> <span class='ocrx_word' id='word_1_124' title='bbox 1084 1157 1280 1205; x_wconf 84' lang='lat' dir='ltr'>poterunt</span> <span class='ocrx_word' id='word_1_125' title='bbox 1297 1151 1422 1192; x_wconf 82' lang='lat' dir='ltr'>etiam</span> <span class='ocrx_word' id='word_1_126' title='bbox 1439 1150 1559 1192; x_wconf 80' lang='lat' dir='ltr'>facile</span> <span class='ocrx_word' id='word_1_127' title='bbox 1580 1151 1640 1190; x_wconf 89' lang='lat' dir='ltr'>in-</span> 
     </span>
     <span class='ocr_line' id='line_1_22' title="bbox 302 1216 1639 1278; baseline -0.002 -13"><span class='ocrx_word' id='word_1_128' title='bbox 302 1224 437 1278; x_wconf 86' lang='lat' dir='ltr'>telligi</span> <span class='ocrx_word' id='word_1_129' title='bbox 456 1222 524 1264; x_wconf 85' lang='lat' dir='ltr'>illa</span> <span class='ocrx_word' id='word_1_130' title='bbox 545 1221 684 1270; x_wconf 86' lang='lat' dir='ltr'>verba,</span> <span class='ocrx_word' id='word_1_131' title='bbox 712 1234 957 1277; x_wconf 85' lang='lat' dir='ltr'>quamquam</span> <span class='ocrx_word' id='word_1_132' title='bbox 978 1220 1178 1277; x_wconf 82' lang='lat' dir='ltr'>praeceffit</span> <span class='ocrx_word' id='word_1_133' title='bbox 1196 1216 1241 1262; x_wconf 80' lang='grc' dir='ltr'>τδ</span> <span class='ocrx_word' id='word_1_134' title='bbox 1259 1216 1497 1274; x_wconf 58' lang='grc' dir='ltr'>Λιλύβαιον,</span> <span class='ocrx_word' id='word_1_135' title='bbox 1529 1222 1639 1276; x_wconf 87' lang='lat' dir='ltr'>quod</span> 
     </span>
    </p>

    <p class='ocr_par' dir='ltr' id='par_1_13' title="bbox 306 1291 1552 1351">
     <span class='ocr_line' id='line_1_23' title="bbox 306 1291 1552 1351; baseline -0.004 -13"><span class='ocrx_word' id='word_1_136' title='bbox 306 1294 352 1338; x_wconf 88' lang='lat'>&amp;</span> <span class='ocrx_word' id='word_1_137' title='bbox 370 1293 644 1351; x_wconf 86' lang='lat' dir='ltr'>promontorii</span> <span class='ocrx_word' id='word_1_138' title='bbox 661 1291 706 1334; x_wconf 91' lang='lat'>&amp;</span> <span class='ocrx_word' id='word_1_139' title='bbox 726 1293 837 1334; x_wconf 86' lang='lat' dir='ltr'>urbis</span> <span class='ocrx_word' id='word_1_140' title='bbox 857 1296 1010 1334; x_wconf 83' lang='lat' dir='ltr'>nomen</span> <span class='ocrx_word' id='word_1_141' title='bbox 1029 1293 1100 1336; x_wconf 89' lang='lat' dir='ltr'>est.</span> <span class='ocrx_word' id='word_1_142' title='bbox 1129 1294 1239 1334; x_wconf 88' lang='lat' dir='ltr'>conf.</span> <span class='ocrx_word' id='word_1_143' title='bbox 1258 1306 1347 1348; x_wconf 80' lang='lat' dir='ltr'>cap.</span> <span class='ocrx_word' id='word_1_144' title='bbox 1367 1304 1436 1346; x_wconf 84' lang='lat'>42,</span> <span class='ocrx_word' id='word_1_145' title='bbox 1457 1293 1552 1347; x_wconf 53' lang='lat' dir='ltr'>6,sq.</span> 
     </span>
    </p>

    <p class='ocr_par' dir='ltr' id='par_1_14' title="bbox 300 1357 1641 1705">
     <span class='ocr_line' id='line_1_24' title="bbox 391 1357 1641 1420; baseline -0.004 -12"><span class='ocrx_word' id='word_1_146' title='bbox 391 1365 440 1409; x_wconf 91' lang='lat' dir='ltr'><em>V</em></span> <span class='ocrx_word' id='word_1_147' title='bbox 434 1363 506 1420; x_wconf 75' lang='lat' dir='ltr'>ers.</span> <span class='ocrx_word' id='word_1_148' title='bbox 521 1377 558 1419; x_wconf 84' lang='lat'>5.</span> <span class='ocrx_word' id='word_1_149' title='bbox 578 1359 726 1418; x_wconf 74' lang='grc' dir='ltr'><em>σχεδόν</em></span> <span class='ocrx_word' id='word_1_150' title='bbox 745 1363 795 1406; x_wconf 76' lang='grc' dir='ltr'>δὲ</span> <span class='ocrx_word' id='word_1_151' title='bbox 813 1362 940 1419; x_wconf 74' lang='grc' dir='ltr'>περί</span> <span class='ocrx_word' id='word_1_152' title='bbox 955 1378 1008 1414; x_wconf 70' lang='grc' dir='ltr'>γε</span> <span class='ocrx_word' id='word_1_153' title='bbox 1021 1357 1174 1405; x_wconf 73' lang='grc' dir='ltr'><strong>τούτου.</strong></span> <span class='ocrx_word' id='word_1_154' title='bbox 1204 1364 1484 1406; x_wconf 83' lang='lat' dir='ltr'>Praetulihanc</span> <span class='ocrx_word' id='word_1_155' title='bbox 1495 1363 1641 1405; x_wconf 79' lang='lat' dir='ltr'>seriem</span> 
     </span>
     <span class='ocr_line' id='line_1_25' title="bbox 303 1433 1639 1491; baseline -0.004 -10"><span class='ocrx_word' id='word_1_156' title='bbox 303 1438 551 1486; x_wconf 84' lang='lat' dir='ltr'>verborum,</span> <span class='ocrx_word' id='word_1_157' title='bbox 583 1449 706 1491; x_wconf 84' lang='lat' dir='ltr'>quam</span> <span class='ocrx_word' id='word_1_158' title='bbox 726 1435 848 1477; x_wconf 81' lang='lat' dir='ltr'>habet</span> <span class='ocrx_word' id='word_1_159' title='bbox 870 1436 968 1477; x_wconf 88' lang='lat' dir='ltr'>edit.</span> <span class='ocrx_word' id='word_1_160' title='bbox 993 1448 1027 1478; x_wconf 87' lang='lat'>1.</span> <span class='ocrx_word' id='word_1_161' title='bbox 1044 1433 1090 1478; x_wconf 89' lang='lat'>&amp;</span> <span class='ocrx_word' id='word_1_162' title='bbox 1106 1436 1207 1491; x_wconf 89' lang='lat' dir='ltr'>Reg.</span> <span class='ocrx_word' id='word_1_163' title='bbox 1225 1434 1271 1476; x_wconf 88' lang='lat' dir='ltr'>B.</span> <span class='ocrx_word' id='word_1_164' title='bbox 1284 1434 1330 1476; x_wconf 89' lang='lat' dir='ltr'>C.</span> <span class='ocrx_word' id='word_1_165' title='bbox 1354 1449 1404 1476; x_wconf 82' lang='lat' dir='ltr'>ex</span> <span class='ocrx_word' id='word_1_166' title='bbox 1423 1435 1522 1476; x_wconf 83' lang='lat' dir='ltr'>Bav.</span> <span class='ocrx_word' id='word_1_167' title='bbox 1543 1447 1639 1475; x_wconf 87' lang='lat' dir='ltr'>cum</span> 
     </span>
     <span class='ocr_line' id='line_1_26' title="bbox 302 1505 1636 1565; baseline -0.003 -14"><span class='ocrx_word' id='word_1_168' title='bbox 302 1523 386 1565; x_wconf 89' lang='lat' dir='ltr'>quo</span> <span class='ocrx_word' id='word_1_169' title='bbox 407 1507 605 1550; x_wconf 81' lang='lat' dir='ltr'>consentit</span> <span class='ocrx_word' id='word_1_170' title='bbox 624 1506 732 1548; x_wconf 89' lang='lat' dir='ltr'>Flor.</span> <span class='ocrx_word' id='word_1_171' title='bbox 753 1514 854 1561; x_wconf 84' lang='lat' dir='ltr'>puto</span> <span class='ocrx_word' id='word_1_172' title='bbox 873 1505 918 1549; x_wconf 84' lang='lat'>&amp;</span> <span class='ocrx_word' id='word_1_173' title='bbox 934 1505 1030 1550; x_wconf 84' lang='lat' dir='ltr'>Vat.</span> <span class='ocrx_word' id='word_1_174' title='bbox 1055 1520 1300 1561; x_wconf 79' lang='lat' dir='ltr'>quamquam</span> <span class='ocrx_word' id='word_1_175' title='bbox 1321 1520 1371 1548; x_wconf 84' lang='lat' dir='ltr'>ex</span> <span class='ocrx_word' id='word_1_176' title='bbox 1388 1507 1470 1547; x_wconf 89' lang='lat' dir='ltr'>hoc</span> <span class='ocrx_word' id='word_1_177' title='bbox 1488 1507 1546 1547; x_wconf 89' lang='lat' dir='ltr'>nil</span> <span class='ocrx_word' id='word_1_178' title='bbox 1565 1519 1636 1547; x_wconf 89' lang='lat' dir='ltr'>no-</span> 
     </span>
     <span class='ocr_line' id='line_1_27' title="bbox 300 1573 1636 1633; baseline -0.003 -10"><span class='ocrx_word' id='word_1_179' title='bbox 300 1588 446 1622; x_wconf 82' lang='lat' dir='ltr'>tatum.</span> <span class='ocrx_word' id='word_1_180' title='bbox 500 1578 550 1620; x_wconf 89' lang='lat' dir='ltr'>In</span> <span class='ocrx_word' id='word_1_181' title='bbox 576 1578 673 1619; x_wconf 88' lang='lat' dir='ltr'>edit.</span> <span class='ocrx_word' id='word_1_182' title='bbox 692 1589 729 1619; x_wconf 84' lang='lat'>2.</span> <span class='ocrx_word' id='word_1_183' title='bbox 748 1577 792 1619; x_wconf 84' lang='lat'>&amp;</span> <span class='ocrx_word' id='word_1_184' title='bbox 809 1577 891 1633; x_wconf 88' lang='lat' dir='ltr'>sqq.</span> <span class='ocrx_word' id='word_1_185' title='bbox 913 1577 971 1620; x_wconf 88' lang='lat' dir='ltr'>est</span> <span class='ocrx_word' id='word_1_186' title='bbox 992 1573 1140 1631; x_wconf 75' lang='grc' dir='ltr'><em>σχεδὸν</em></span> <span class='ocrx_word' id='word_1_187' title='bbox 1163 1574 1216 1619; x_wconf 78' lang='grc' dir='ltr'>δέ</span> <span class='ocrx_word' id='word_1_188' title='bbox 1234 1592 1290 1628; x_wconf 76' lang='grc' dir='ltr'>γε</span> <span class='ocrx_word' id='word_1_189' title='bbox 1317 1577 1433 1633; x_wconf 76' lang='grc' dir='ltr'>περὶ</span> <span class='ocrx_word' id='word_1_190' title='bbox 1451 1591 1503 1620; x_wconf 78' lang='lat' dir='ltr'>ex</span> <span class='ocrx_word' id='word_1_191' title='bbox 1522 1577 1636 1631; x_wconf 88' lang='lat' dir='ltr'>Aug.</span> 
     </span>
     <span class='ocr_line' id='line_1_28' title="bbox 304 1649 801 1705; baseline -0.01 -11"><span class='ocrx_word' id='word_1_192' title='bbox 304 1665 402 1695; x_wconf 74' lang='lat' dir='ltr'>eum</span> <span class='ocrx_word' id='word_1_193' title='bbox 422 1663 504 1705; x_wconf 90' lang='lat' dir='ltr'>quo</span> <span class='ocrx_word' id='word_1_194' title='bbox 523 1650 624 1691; x_wconf 87' lang='lat' dir='ltr'>facit</span> <span class='ocrx_word' id='word_1_195' title='bbox 638 1649 740 1702; x_wconf 85' lang='lat' dir='ltr'>Reg.</span> <span class='ocrx_word' id='word_1_196' title='bbox 751 1649 801 1690; x_wconf 87' lang='lat' dir='ltr'>A.</span> 
     </span>
    </p>

    <p class='ocr_par' dir='ltr' id='par_1_15' title="bbox 292 1714 1636 2561">
     <span class='ocr_line' id='line_1_29' title="bbox 390 1714 1636 1776; baseline -0.004 -13"><span class='ocrx_word' id='word_1_197' title='bbox 390 1718 506 1776; x_wconf 64' lang='lat' dir='ltr'>Vers-</span> <span class='ocrx_word' id='word_1_198' title='bbox 525 1718 565 1762; x_wconf 87' lang='lat'>6.</span> <span class='ocrx_word' id='word_1_199' title='bbox 593 1716 787 1773; x_wconf 74' lang='grc' dir='ltr'>μηδεμίαν</span> <span class='ocrx_word' id='word_1_200' title='bbox 806 1714 1006 1774; x_wconf 63' lang='grc' dir='ltr'>ἐφορμήν.</span> <span class='ocrx_word' id='word_1_201' title='bbox 1061 1720 1231 1762; x_wconf 82' lang='lat' dir='ltr'>Poterat</span> <span class='ocrx_word' id='word_1_202' title='bbox 1255 1715 1417 1776; x_wconf 79' lang='grc' dir='ltr'><strong><em>οἷφορμὴ</em></strong></span> <span class='ocrx_word' id='word_1_203' title='bbox 1448 1717 1636 1771; x_wconf 81' lang='lat' dir='ltr'>intelligi,</span> 
     </span>
     <span class='ocr_line' id='line_1_30' title="bbox 298 1788 1634 1846; baseline -0.007 -9"><span class='ocrx_word' id='word_1_204' title='bbox 298 1800 349 1841; x_wconf 78' lang='lat' dir='ltr'>ut</span> <span class='ocrx_word' id='word_1_205' title='bbox 368 1792 490 1843; x_wconf 63' lang='lat' dir='ltr'>alifis,</span> <span class='ocrx_word' id='word_1_206' title='bbox 517 1791 818 1846; x_wconf 77' lang='lat' dir='ltr'>opportunitas,</span> <span class='ocrx_word' id='word_1_207' title='bbox 840 1790 1069 1846; x_wconf 77' lang='lat' dir='ltr'>praefidium</span> <span class='ocrx_word' id='word_1_208' title='bbox 1088 1793 1148 1833; x_wconf 85' lang='lat' dir='ltr'>rei</span> <span class='ocrx_word' id='word_1_209' title='bbox 1165 1792 1352 1846; x_wconf 76' lang='lat' dir='ltr'>gerenda·</span> <span class='ocrx_word' id='word_1_210' title='bbox 1363 1805 1382 1837; x_wconf 90' lang='lat'>‚·</span> <span class='ocrx_word' id='word_1_211' title='bbox 1410 1798 1455 1832; x_wconf 86' lang='lat' dir='ltr'>ut</span> <span class='ocrx_word' id='word_1_212' title='bbox 1477 1789 1557 1833; x_wconf 91' lang='lat' dir='ltr'>hoc</span> <span class='ocrx_word' id='word_1_213' title='bbox 1576 1788 1634 1829; x_wconf 88' lang='lat' dir='ltr'>di-</span> 
     </span>
     <span class='ocr_line' id='line_1_31' title="bbox 303 1860 1632 1918; baseline -0.005 -12"><span class='ocrx_word' id='word_1_214' title='bbox 303 1871 372 1910; x_wconf 89' lang='lat' dir='ltr'>cat</span> <span class='ocrx_word' id='word_1_215' title='bbox 393 1862 615 1916; x_wconf 85' lang='lat' dir='ltr'>Polybius,</span> <span class='ocrx_word' id='word_1_216' title='bbox 643 1861 795 1902; x_wconf 84' lang='lat' dir='ltr'>nullam</span> <span class='ocrx_word' id='word_1_217' title='bbox 819 1861 938 1903; x_wconf 81' lang='lat' dir='ltr'>aliam</span> <span class='ocrx_word' id='word_1_218' title='bbox 961 1865 1312 1918; x_wconf 70' lang='lat' dir='ltr'>opportunitatem</span> <span class='ocrx_word' id='word_1_219' title='bbox 1343 1863 1540 1916; x_wconf 81' lang='lat' dir='ltr'>reliquam</span> <span class='ocrx_word' id='word_1_220' title='bbox 1564 1860 1632 1901; x_wconf 79' lang='lat' dir='ltr'>ha-</span> 
     </span>
     <span class='ocr_line' id='line_1_32' title="bbox 303 1928 1636 1990; baseline -0.006 -11"><span class='ocrx_word' id='word_1_221' title='bbox 303 1928 430 1979; x_wconf 83' lang='lat' dir='ltr'>buisse</span> <span class='ocrx_word' id='word_1_222' title='bbox 449 1934 601 1976; x_wconf 84' lang='lat' dir='ltr'>Poenos</span> <span class='ocrx_word' id='word_1_223' title='bbox 621 1931 1036 1986; x_wconf 18' lang='lat' dir='ltr'>obtinendaebsiciliae,</span> <span class='ocrx_word' id='word_1_224' title='bbox 1058 1942 1127 1977; x_wconf 84' lang='lat' dir='ltr'>aut</span> <span class='ocrx_word' id='word_1_225' title='bbox 1145 1935 1363 1990; x_wconf 83' lang='lat' dir='ltr'>quidquam</span> <span class='ocrx_word' id='word_1_226' title='bbox 1382 1934 1425 1975; x_wconf 93' lang='lat' dir='ltr'>in</span> <span class='ocrx_word' id='word_1_227' title='bbox 1444 1947 1492 1974; x_wconf 84' lang='lat' dir='ltr'>ea</span> <span class='ocrx_word' id='word_1_228' title='bbox 1510 1930 1636 1972; x_wconf 85' lang='lat' dir='ltr'>insula</span> 
     </span>
     <span class='ocr_line' id='line_1_33' title="bbox 299 2002 1633 2061; baseline -0.007 -10"><span class='ocrx_word' id='word_1_229' title='bbox 299 2005 508 2055; x_wconf 82' lang='lat' dir='ltr'>tentandi,</span> <span class='ocrx_word' id='word_1_230' title='bbox 542 2002 614 2046; x_wconf 83' lang='lat' dir='ltr'>nifi</span> <span class='ocrx_word' id='word_1_231' title='bbox 643 2017 724 2058; x_wconf 91' lang='lat' dir='ltr'>ope</span> <span class='ocrx_word' id='word_1_232' title='bbox 747 2003 922 2058; x_wconf 84' lang='lat' dir='ltr'>Lilybaei</span> <span class='ocrx_word' id='word_1_233' title='bbox 953 2003 1327 2061; x_wconf 61' lang='lat' dir='ltr'>&amp;Drepanoruxm</span> <span class='ocrx_word' id='word_1_234' title='bbox 1363 2017 1457 2060; x_wconf 86' lang='lat' dir='ltr'>quae</span> <span class='ocrx_word' id='word_1_235' title='bbox 1482 2002 1633 2057; x_wconf 83' lang='lat' dir='ltr'>oppida</span> 
     </span>
     <span class='ocr_line' id='line_1_34' title="bbox 299 2065 1631 2131; baseline -0.005 -12"><span class='ocrx_word' id='word_1_236' title='bbox 299 2077 383 2119; x_wconf 85' lang='lat' dir='ltr'>sola</span> <span class='ocrx_word' id='word_1_237' title='bbox 402 2076 531 2118; x_wconf 82' lang='lat' dir='ltr'>adhuc</span> <span class='ocrx_word' id='word_1_238' title='bbox 549 2075 592 2116; x_wconf 85' lang='lat' dir='ltr'>in</span> <span class='ocrx_word' id='word_1_239' title='bbox 611 2065 756 2116; x_wconf 80' lang='lat' dir='ltr'>eorum</span> <span class='ocrx_word' id='word_1_240' title='bbox 776 2082 892 2116; x_wconf 87' lang='lat' dir='ltr'>erant</span> <span class='ocrx_word' id='word_1_241' title='bbox 908 2076 1123 2130; x_wconf 85' lang='lat' dir='ltr'>potestate.</span> <span class='ocrx_word' id='word_1_242' title='bbox 1179 2076 1263 2119; x_wconf 87' lang='lat' dir='ltr'>Sed</span> <span class='ocrx_word' id='word_1_243' title='bbox 1281 2076 1354 2118; x_wconf 87' lang='lat' dir='ltr'>ista</span> <span class='ocrx_word' id='word_1_244' title='bbox 1374 2076 1540 2131; x_wconf 87' lang='lat' dir='ltr'>quidem</span> <span class='ocrx_word' id='word_1_245' title='bbox 1559 2086 1631 2114; x_wconf 87' lang='lat' dir='ltr'>no·</span> 
     </span>
     <span class='ocr_line' id='line_1_35' title="bbox 300 2144 1633 2202; baseline -0.003 -13"><span class='ocrx_word' id='word_1_246' title='bbox 300 2149 413 2189; x_wconf 87' lang='lat' dir='ltr'>tione</span> <span class='ocrx_word' id='word_1_247' title='bbox 434 2148 503 2188; x_wconf 81' lang='lat' dir='ltr'>vix</span> <span class='ocrx_word' id='word_1_248' title='bbox 521 2147 660 2195; x_wconf 81' lang='lat' dir='ltr'>aliter,</span> <span class='ocrx_word' id='word_1_249' title='bbox 695 2153 820 2200; x_wconf 86' lang='lat' dir='ltr'>puto,</span> <span class='ocrx_word' id='word_1_250' title='bbox 851 2159 974 2200; x_wconf 90' lang='lat' dir='ltr'>quam</span> <span class='ocrx_word' id='word_1_251' title='bbox 994 2149 1038 2189; x_wconf 92' lang='lat' dir='ltr'>in</span> <span class='ocrx_word' id='word_1_252' title='bbox 1057 2149 1203 2202; x_wconf 83' lang='lat' dir='ltr'>plurali</span> <span class='ocrx_word' id='word_1_253' title='bbox 1230 2161 1403 2189; x_wconf 87' lang='lat' dir='ltr'>numero</span> <span class='ocrx_word' id='word_1_254' title='bbox 1430 2144 1633 2201; x_wconf 63' lang='lat' dir='ltr'>reperitur</span> 
     </span>
     <span class='ocr_line' id='line_1_36' title="bbox 297 2212 1631 2270; baseline -0.003 -10"><span class='ocrx_word' id='word_1_255' title='bbox 297 2215 399 2261; x_wconf 89' lang='lat' dir='ltr'>illud</span> <span class='ocrx_word' id='word_1_256' title='bbox 437 2216 682 2258; x_wconf 81' lang='lat' dir='ltr'>vocabulum</span> <span class='ocrx_word' id='word_1_257' title='bbox 721 2212 914 2270; x_wconf 69' lang='grc' dir='ltr'>οἷφορμκί.</span> <span class='ocrx_word' id='word_1_258' title='bbox 980 2218 1278 2260; x_wconf 81' lang='lat' dir='ltr'>percommode</span> <span class='ocrx_word' id='word_1_259' title='bbox 1310 2232 1411 2260; x_wconf 90' lang='lat' dir='ltr'>vero</span> <span class='ocrx_word' id='word_1_260' title='bbox 1436 2217 1476 2259; x_wconf 90' lang='lat' dir='ltr'>h.</span> <span class='ocrx_word' id='word_1_261' title='bbox 1503 2216 1530 2257; x_wconf 88' lang='lat'>1.</span> <span class='ocrx_word' id='word_1_262' title='bbox 1557 2215 1631 2256; x_wconf 85' lang='lat' dir='ltr'>Ca-</span> 
     </span>
     <span class='ocr_line' id='line_1_37' title="bbox 296 2283 1629 2344; baseline -0.003 -14"><span class='ocrx_word' id='word_1_263' title='bbox 296 2287 497 2330; x_wconf 86' lang='lat' dir='ltr'>saubonus</span> <span class='ocrx_word' id='word_1_264' title='bbox 519 2283 705 2343; x_wconf 65' lang='grc' dir='ltr'><em>ἐφορμήν</em></span> <span class='ocrx_word' id='word_1_265' title='bbox 725 2300 856 2328; x_wconf 83' lang='lat' dir='ltr'>arcem</span> <span class='ocrx_word' id='word_1_266' title='bbox 877 2288 963 2330; x_wconf 82' lang='lat' dir='ltr'>belli</span> <span class='ocrx_word' id='word_1_267' title='bbox 980 2289 1269 2344; x_wconf 72' lang='lat' dir='ltr'>interpretatus</span> <span class='ocrx_word' id='word_1_268' title='bbox 1289 2289 1366 2338; x_wconf 88' lang='lat' dir='ltr'>est,</span> <span class='ocrx_word' id='word_1_269' title='bbox 1395 2289 1539 2330; x_wconf 74' lang='lat' dir='ltr'>eadem</span> <span class='ocrx_word' id='word_1_270' title='bbox 1555 2299 1629 2327; x_wconf 90' lang='lat' dir='ltr'>no-</span> 
     </span>
     <span class='ocr_line' id='line_1_38' title="bbox 296 2356 1629 2415; baseline -0.002 -15"><span class='ocrx_word' id='word_1_271' title='bbox 296 2359 427 2409; x_wconf 84' lang='lat' dir='ltr'>tione,</span> <span class='ocrx_word' id='word_1_272' title='bbox 453 2371 575 2413; x_wconf 82' lang='lat' dir='ltr'>quam</span> <span class='ocrx_word' id='word_1_273' title='bbox 593 2359 716 2399; x_wconf 83' lang='lat' dir='ltr'>habet</span> <span class='ocrx_word' id='word_1_274' title='bbox 736 2359 863 2412; x_wconf 82' lang='lat' dir='ltr'>vulgo</span> <span class='ocrx_word' id='word_1_275' title='bbox 886 2360 1030 2402; x_wconf 82' lang='lat' dir='ltr'>vocab.</span> <span class='ocrx_word' id='word_1_276' title='bbox 1055 2356 1294 2415; x_wconf 75' lang='grc' dir='ltr'>ὁρμητήριον.</span> <span class='ocrx_word' id='word_1_277' title='bbox 1337 2359 1496 2401; x_wconf 86' lang='lat' dir='ltr'>Eodem</span> <span class='ocrx_word' id='word_1_278' title='bbox 1516 2370 1629 2412; x_wconf 85' lang='lat' dir='ltr'>pror-</span> 
     </span>
     <span class='ocr_line' id='line_1_39' title="bbox 295 2422 1627 2486; baseline -0.002 -15"><span class='ocrx_word' id='word_1_279' title='bbox 295 2428 361 2471; x_wconf 87' lang='lat' dir='ltr'>sus</span> <span class='ocrx_word' id='word_1_280' title='bbox 380 2430 506 2471; x_wconf 89' lang='lat' dir='ltr'>modo</span> <span class='ocrx_word' id='word_1_281' title='bbox 531 2431 635 2483; x_wconf 88' lang='lat' dir='ltr'>apud</span> <span class='ocrx_word' id='word_1_282' title='bbox 653 2428 945 2483; x_wconf 89' lang='lat' dir='ltr'>Thucydidem</span> <span class='ocrx_word' id='word_1_283' title='bbox 965 2430 995 2471; x_wconf 96' lang='lat' dir='ltr'>I.</span> <span class='ocrx_word' id='word_1_284' title='bbox 1014 2442 1082 2485; x_wconf 89' lang='lat'>90.</span> <span class='ocrx_word' id='word_1_285' title='bbox 1102 2433 1301 2486; x_wconf 81' lang='lat' dir='ltr'>legimus,</span> <span class='ocrx_word' id='word_1_286' title='bbox 1331 2426 1402 2484; x_wconf 70' lang='grc' dir='ltr'>τήν</span> <span class='ocrx_word' id='word_1_287' title='bbox 1424 2422 1627 2470; x_wconf 77' lang='grc' dir='ltr'>Πελοπόν-</span> 
     </span>
     <span class='ocr_line' id='line_1_40' title="bbox 292 2491 1627 2561; baseline -0.001 -18"><span class='ocrx_word' id='word_1_288' title='bbox 292 2514 412 2556; x_wconf 71' lang='grc' dir='ltr'><em>νησον</em></span> <span class='ocrx_word' id='word_1_289' title='bbox 423 2500 544 2542; x_wconf 71' lang='grc' dir='ltr'><em>πᾶσιν</em></span> <span class='ocrx_word' id='word_1_290' title='bbox 561 2498 723 2552; x_wconf 77' lang='grc' dir='ltr'><em>ἔφασαν</em></span> <span class='ocrx_word' id='word_1_291' title='bbox 744 2495 997 2554; x_wconf 73' lang='grc' dir='ltr'><em>οἷναχῶρησίν</em></span> <span class='ocrx_word' id='word_1_292' title='bbox 1015 2517 1061 2542; x_wconf 79' lang='grc' dir='ltr'>τε</span> <span class='ocrx_word' id='word_1_293' title='bbox 1074 2498 1138 2556; x_wconf 60' lang='grc' dir='ltr'>καὶ</span> <span class='ocrx_word' id='word_1_294' title='bbox 1157 2497 1342 2557; x_wconf 61' lang='grc' dir='ltr'>ἐφορμήν</span> <span class='ocrx_word' id='word_1_295' title='bbox 1364 2497 1498 2561; x_wconf 67' lang='grc' dir='ltr'><em>ἱκανήν</em></span> <span class='ocrx_word' id='word_1_296' title='bbox 1518 2491 1627 2555; x_wconf 59' lang='grc' dir='ltr'>ἔνη.</span> 
     </span>
    </p>

    <p class='ocr_par' dir='ltr' id='par_1_16' title="bbox 281 2563 1626 2841">
     <span class='ocr_line' id='line_1_41' title="bbox 281 2563 1626 2628; baseline 0 -14"><span class='ocrx_word' id='word_1_297' title='bbox 281 2573 364 2615; x_wconf 77' lang='lat' dir='ltr'>‘ubi</span> <span class='ocrx_word' id='word_1_298' title='bbox 393 2573 443 2613; x_wconf 87' lang='lat' dir='ltr'>ad</span> <span class='ocrx_word' id='word_1_299' title='bbox 472 2572 613 2613; x_wconf 81' lang='lat' dir='ltr'>vocab.</span> <span class='ocrx_word' id='word_1_300' title='bbox 643 2565 830 2626; x_wconf 72' lang='grc' dir='ltr'>οἷφορμῆν</span> <span class='ocrx_word' id='word_1_301' title='bbox 863 2573 1025 2614; x_wconf 85' lang='lat' dir='ltr'>notavit</span> <span class='ocrx_word' id='word_1_302' title='bbox 1059 2572 1326 2624; x_wconf 80' lang='lat' dir='ltr'>scholiastes,</span> <span class='ocrx_word' id='word_1_303' title='bbox 1365 2567 1463 2620; x_wconf 65' lang='grc' dir='ltr'><em>οἶῗν,</em></span> <span class='ocrx_word' id='word_1_304' title='bbox 1504 2573 1554 2624; x_wconf 66' lang='grc' dir='ltr'>ἐξ</span> <span class='ocrx_word' id='word_1_305' title='bbox 1581 2563 1626 2628; x_wconf 64' lang='grc' dir='ltr'>ἧς</span> 
     </span>
     <span class='ocr_line' id='line_1_42' title="bbox 290 2636 1625 2699; baseline -0.001 -14"><span class='ocrx_word' id='word_1_306' title='bbox 290 2636 513 2698; x_wconf 67' lang='grc' dir='ltr'>ὄρμῶμενὸς</span> <span class='ocrx_word' id='word_1_307' title='bbox 533 2658 590 2689; x_wconf 76' lang='grc' dir='ltr'>τις</span> <span class='ocrx_word' id='word_1_308' title='bbox 614 2636 792 2697; x_wconf 59' lang='grc' dir='ltr'>σώζεταί.</span> <span class='ocrx_word' id='word_1_309' title='bbox 821 2656 900 2683; x_wconf 87' lang='lat' dir='ltr'>nec</span> <span class='ocrx_word' id='word_1_310' title='bbox 920 2650 1008 2688; x_wconf 80' lang='lat' dir='ltr'>erat</span> <span class='ocrx_word' id='word_1_311' title='bbox 1027 2657 1103 2686; x_wconf 85' lang='lat' dir='ltr'>cur</span> <span class='ocrx_word' id='word_1_312' title='bbox 1118 2645 1246 2687; x_wconf 80' lang='lat' dir='ltr'>Henr.</span> <span class='ocrx_word' id='word_1_313' title='bbox 1266 2645 1497 2699; x_wconf 82' lang='lat' dir='ltr'>Stephanus</span> <span class='ocrx_word' id='word_1_314' title='bbox 1509 2675 1520 2697; x_wconf 90' lang='lat'>,</span> <span class='ocrx_word' id='word_1_315' title='bbox 1552 2644 1625 2685; x_wconf 88' lang='lat' dir='ltr'>hu·</span> 
     </span>
     <span class='ocr_line' id='line_1_43' title="bbox 284 2713 1623 2771; baseline 0 -15"><span class='ocrx_word' id='word_1_316' title='bbox 284 2714 352 2770; x_wconf 85' lang='lat' dir='ltr'>jus</span> <span class='ocrx_word' id='word_1_317' title='bbox 377 2715 462 2756; x_wconf 87' lang='lat' dir='ltr'>loci</span> <span class='ocrx_word' id='word_1_318' title='bbox 491 2714 746 2755; x_wconf 87' lang='lat' dir='ltr'>mentionem</span> <span class='ocrx_word' id='word_1_319' title='bbox 781 2713 938 2755; x_wconf 81' lang='lat' dir='ltr'>faciens</span> <span class='ocrx_word' id='word_1_320' title='bbox 967 2715 1009 2755; x_wconf 91' lang='lat' dir='ltr'>in</span> <span class='ocrx_word' id='word_1_321' title='bbox 1036 2714 1244 2758; x_wconf 80' lang='lat' dir='ltr'>Thesauro</span> <span class='ocrx_word' id='word_1_322' title='bbox 1272 2728 1427 2771; x_wconf 81' lang='lat' dir='ltr'>graecae</span> <span class='ocrx_word' id='word_1_323' title='bbox 1455 2716 1623 2770; x_wconf 86' lang='lat' dir='ltr'>linguae,</span> 
     </span>
     <span class='ocr_line' id='line_1_44' title="bbox 288 2769 1626 2841; baseline -0.001 -14"><span class='ocrx_word' id='word_1_324' title='bbox 288 2786 412 2827; x_wconf 79' lang='lat' dir='ltr'>malle</span> <span class='ocrx_word' id='word_1_325' title='bbox 438 2785 479 2827; x_wconf 82' lang='lat' dir='ltr'>se</span> <span class='ocrx_word' id='word_1_326' title='bbox 507 2785 666 2827; x_wconf 80' lang='lat' dir='ltr'>diceret</span> <span class='ocrx_word' id='word_1_327' title='bbox 691 2784 817 2826; x_wconf 82' lang='lat' dir='ltr'>latine</span> <span class='ocrx_word' id='word_1_328' title='bbox 838 2783 1072 2838; x_wconf 60' lang='lat' dir='ltr'>perfitgium</span> <span class='ocrx_word' id='word_1_329' title='bbox 1086 2816 1099 2837; x_wconf 94' lang='lat'>,</span> <span class='ocrx_word' id='word_1_330' title='bbox 1128 2799 1250 2841; x_wconf 78' lang='lat' dir='ltr'>quam</span> <span class='ocrx_word' id='word_1_331' title='bbox 1272 2800 1372 2829; x_wconf 83' lang='lat' dir='ltr'>cum</span> <span class='ocrx_word' id='word_1_332' title='bbox 1386 2786 1502 2832; x_wconf 75' lang='lat' dir='ltr'>Valla</span> <span class='ocrx_word' id='word_1_333' title='bbox 1520 2769 1626 2827; x_wconf 55' lang='lat' dir='ltr'>tuia-</span> 
     </span>
    </p>

    <p class='ocr_par' dir='ltr' id='par_1_17' title="bbox 1217 2869 1627 2899">
     <span class='ocr_line' id='line_1_45' title="bbox 1217 2869 1627 2899; baseline -0.002 0"><span class='ocrx_word' id='word_1_334' title='bbox 1217 2871 1223 2874; x_wconf 93' lang='lat'>·</span> <span class='ocrx_word' id='word_1_335' title='bbox 1537 2869 1627 2899; x_wconf 82' lang='lat' dir='ltr'>men</span> 
     </span>
    </p>
   </div>
  </div>
 </body>
</html>
