<?xml version="1.0" encoding="UTF-8"?>
<!DOCTYPE html PUBLIC "-//W3C//DTD XHTML 1.0 Transitional//EN"
    "http://www.w3.org/TR/xhtml1/DTD/xhtml1-transitional.dtd">
<html xmlns="http://www.w3.org/1999/xhtml" xml:lang="en" lang="en">
 <head>
  <title>
</title>
<meta http-equiv="Content-Type" content="text/html;charset=utf-8" />
  <meta name='ocr-system' content='tesseract 3.04.00' />
  <meta name='ocr-capabilities' content='ocr_page ocr_carea ocr_par ocr_line ocrx_word'/>
</head>
<body>
  <div class='ocr_page' id='page_1' title='image "./historiarumquidq05polyuoft_0350.png"; bbox 0 0 1742 3190; ppageno 0'>
   <div class='ocr_carea' id='block_1_1' title="bbox 314 194 1223 272">
    <p class='ocr_par' dir='ltr' id='par_1_1' title="bbox 314 194 1223 272">
     <span class='ocr_line' id='line_1_1' title="bbox 314 194 1223 272; baseline -0.014 -12"><span class='ocrx_word' id='word_1_1' title='bbox 314 224 400 272; x_wconf 78' lang='lat'>324</span> <span class='ocrx_word' id='word_1_2' title='bbox 587 194 589 196; x_wconf 79' lang='lat'><strong>.</strong></span> <span class='ocrx_word' id='word_1_3' title='bbox 733 215 1223 252; x_wconf 65' lang='lat' dir='ltr'>AnnorAnoNEs</span> 
     </span>
    </p>
   </div>
   <div class='ocr_carea' id='block_1_2' title="bbox 126 302 303 340">
    <p class='ocr_par' dir='ltr' id='par_1_2' title="bbox 126 302 303 340">
     <span class='ocr_line' id='line_1_2' title="bbox 126 302 303 323; baseline -0.028 0"><span class='ocrx_word' id='word_1_4' title='bbox 126 302 303 323; x_wconf 49' lang='grc' dir='ltr'><strong>μ</strong></span> 
     </span>
     <span class='ocr_line' id='line_1_3' title="bbox 129 325 300 340; baseline -0.029 -3"><span class='ocrx_word' id='word_1_5' title='bbox 129 325 300 340; x_wconf 65' lang='grc'>..,.----</span> 
     </span>
    </p>
   </div>
   <div class='ocr_carea' id='block_1_3' title="bbox 150 315 1665 400">
    <p class='ocr_par' dir='ltr' id='par_1_3' title="bbox 150 315 1665 400">
     <span class='ocr_line' id='line_1_4' title="bbox 150 315 1665 400; baseline -0.017 -24"><span class='ocrx_word' id='word_1_6' title='bbox 150 356 243 397; x_wconf 76' lang='lat' dir='ltr'>Vers.</span> <span class='ocrx_word' id='word_1_7' title='bbox 260 365 291 400; x_wconf 85' lang='lat'>5·</span> <span class='ocrx_word' id='word_1_8' title='bbox 326 327 482 384; x_wconf 88' lang='lat' dir='ltr'>Geogr.</span> <span class='ocrx_word' id='word_1_9' title='bbox 505 324 619 369; x_wconf 86' lang='lat' dir='ltr'>Sacr.</span> <span class='ocrx_word' id='word_1_10' title='bbox 653 323 762 367; x_wconf 80' lang='lat' dir='ltr'><strong>Part.</strong></span> <span class='ocrx_word' id='word_1_11' title='bbox 781 322 837 366; x_wconf 91' lang='lat' dir='ltr'>II.</span> <span class='ocrx_word' id='word_1_12' title='bbox 865 321 934 364; x_wconf 78' lang='lat' dir='ltr'>lib.</span> <span class='ocrx_word' id='word_1_13' title='bbox 954 320 991 363; x_wconf 95' lang='lat' dir='ltr'>I.</span> <span class='ocrx_word' id='word_1_14' title='bbox 1019 334 1109 376; x_wconf 88' lang='lat' dir='ltr'>cap.</span> <span class='ocrx_word' id='word_1_15' title='bbox 1128 331 1197 374; x_wconf 92' lang='lat'>24.</span> <span class='ocrx_word' id='word_1_16' title='bbox 1227 331 1268 374; x_wconf 89' lang='lat' dir='ltr'>p.</span> <span class='ocrx_word' id='word_1_17' title='bbox 1293 326 1413 373; x_wconf 63' lang='lat'>532·</span> <span class='ocrx_word' id='word_1_18' title='bbox 1443 315 1665 362; x_wconf 71' lang='lat' dir='ltr'>cellarium</span> 
     </span>
    </p>
   </div>
   <div class='ocr_carea' id='block_1_4' title="bbox 279 388 1698 2867">
    <p class='ocr_par' dir='ltr' id='par_1_4' title="bbox 279 388 1698 2867">
     <span class='ocr_line' id='line_1_5' title="bbox 328 388 1667 455; baseline -0.01 -11"><span class='ocrx_word' id='word_1_19' title='bbox 328 402 372 444; x_wconf 89' lang='lat' dir='ltr'>in</span> <span class='ocrx_word' id='word_1_20' title='bbox 389 398 546 454; x_wconf 87' lang='lat' dir='ltr'><strong>Geogr.</strong></span> <span class='ocrx_word' id='word_1_21' title='bbox 562 396 707 451; x_wconf 83' lang='lat' dir='ltr'>Antiq.</span> <span class='ocrx_word' id='word_1_22' title='bbox 730 395 799 436; x_wconf 86' lang='lat' dir='ltr'>lib.</span> <span class='ocrx_word' id='word_1_23' title='bbox 820 392 894 437; x_wconf 91' lang='lat' dir='ltr'>IV.</span> <span class='ocrx_word' id='word_1_24' title='bbox 919 405 1008 448; x_wconf 82' lang='lat' dir='ltr'>cap.</span> <span class='ocrx_word' id='word_1_25' title='bbox 1027 402 1068 445; x_wconf 81' lang='grc'>4.</span> <span class='ocrx_word' id='word_1_26' title='bbox 1087 405 1129 446; x_wconf 86' lang='lat' dir='ltr'>p.</span> <span class='ocrx_word' id='word_1_27' title='bbox 1153 401 1230 455; x_wconf 78' lang='lat'>153</span> <span class='ocrx_word' id='word_1_28' title='bbox 1247 389 1304 444; x_wconf 88' lang='lat' dir='ltr'>sq.</span> <span class='ocrx_word' id='word_1_29' title='bbox 1331 388 1376 433; x_wconf 77' lang='grc' dir='ltr'>δι</span> <span class='ocrx_word' id='word_1_30' title='bbox 1404 389 1584 432; x_wconf 86' lang='lat' dir='ltr'>Criticos</span> <span class='ocrx_word' id='word_1_31' title='bbox 1613 389 1667 431; x_wconf 86' lang='lat' dir='ltr'>ad</span> 
     </span>
     <span class='ocr_line' id='line_1_6' title="bbox 324 460 1681 520; baseline -0.01 -5"><span class='ocrx_word' id='word_1_32' title='bbox 324 471 434 516; x_wconf 86' lang='lat' dir='ltr'>Livii</span> <span class='ocrx_word' id='word_1_33' title='bbox 463 470 552 512; x_wconf 86' lang='lat' dir='ltr'><strong>libr.</strong></span> <span class='ocrx_word' id='word_1_34' title='bbox 580 465 719 511; x_wconf 87' lang='lat' dir='ltr'><strong>XXX.</strong></span> <span class='ocrx_word' id='word_1_35' title='bbox 750 478 837 520; x_wconf 89' lang='lat' dir='ltr'>cap.</span> <span class='ocrx_word' id='word_1_36' title='bbox 860 475 927 518; x_wconf 82' lang='lat'>25.</span> <span class='ocrx_word' id='word_1_37' title='bbox 994 463 1061 504; x_wconf 90' lang='lat' dir='ltr'>Ac</span> <span class='ocrx_word' id='word_1_38' title='bbox 1096 463 1157 504; x_wconf 90' lang='lat' dir='ltr'>de.</span> <span class='ocrx_word' id='word_1_39' title='bbox 1173 468 1360 503; x_wconf 86' lang='lat' dir='ltr'>extrema</span> <span class='ocrx_word' id='word_1_40' title='bbox 1391 462 1558 516; x_wconf 85' lang='lat' dir='ltr'>quidem</span> <span class='ocrx_word' id='word_1_41' title='bbox 1587 460 1681 516; x_wconf 76' lang='lat' dir='ltr'>syl·v</span> 
     </span>
     <span class='ocr_line' id='line_1_7' title="bbox 329 530 1668 593; baseline -0.011 -6"><span class='ocrx_word' id='word_1_42' title='bbox 329 543 420 587; x_wconf 84' lang='lat' dir='ltr'>laba</span> <span class='ocrx_word' id='word_1_43' title='bbox 439 540 519 592; x_wconf 84' lang='lat' dir='ltr'>da,</span> <span class='ocrx_word' id='word_1_44' title='bbox 557 539 626 582; x_wconf 89' lang='lat' dir='ltr'>vel</span> <span class='ocrx_word' id='word_1_45' title='bbox 649 537 788 593; x_wconf 86' lang='lat' dir='ltr'>potius</span> <span class='ocrx_word' id='word_1_46' title='bbox 809 541 879 586; x_wconf 86' lang='lat' dir='ltr'>ta,</span> <span class='ocrx_word' id='word_1_47' title='bbox 907 546 1003 590; x_wconf 85' lang='lat' dir='ltr'>quae</span> <span class='ocrx_word' id='word_1_48' title='bbox 1029 535 1073 576; x_wconf 88' lang='lat' dir='ltr'>in</span> <span class='ocrx_word' id='word_1_49' title='bbox 1101 533 1330 575; x_wconf 78' lang='lat' dir='ltr'>‘Poenorum</span> <span class='ocrx_word' id='word_1_50' title='bbox 1348 530 1523 586; x_wconf 54' lang='lat' dir='ltr'>mgna,</span> <span class='ocrx_word' id='word_1_51' title='bbox 1562 530 1668 573; x_wconf 78' lang='lat' dir='ltr'>ficut</span> 
     </span>
     <span class='ocr_line' id='line_1_8' title="bbox 335 601 1672 662; baseline -0.01 -5"><span class='ocrx_word' id='word_1_52' title='bbox 335 616 380 657; x_wconf 89' lang='lat' dir='ltr'>in</span> <span class='ocrx_word' id='word_1_53' title='bbox 395 611 682 656; x_wconf 73' lang='lat' dir='ltr'>Chaldaeorum</span> <span class='ocrx_word' id='word_1_54' title='bbox 704 606 1011 662; x_wconf 87' lang='lat' dir='ltr'>Syrorumque·‚</span> <span class='ocrx_word' id='word_1_55' title='bbox 1046 605 1194 647; x_wconf 85' lang='lat' dir='ltr'>statum</span> <span class='ocrx_word' id='word_1_56' title='bbox 1216 603 1497 658; x_wconf 81' lang='lat' dir='ltr'>emphaticum</span> <span class='ocrx_word' id='word_1_57' title='bbox 1516 601 1672 657; x_wconf 83' lang='lat' dir='ltr'>(quem</span> 
     </span>
     <span class='ocr_line' id='line_1_9' title="bbox 333 673 1675 736; baseline -0.01 -8"><span class='ocrx_word' id='word_1_58' title='bbox 333 682 506 736; x_wconf 83' lang='lat' dir='ltr'>dicunt)</span> <span class='ocrx_word' id='word_1_59' title='bbox 526 682 699 730; x_wconf 82' lang='lat' dir='ltr'>indicat,</span> <span class='ocrx_word' id='word_1_60' title='bbox 732 677 777 721; x_wconf 89' lang='lat'>&amp;</span> <span class='ocrx_word' id='word_1_61' title='bbox 797 677 968 735; x_wconf 87' lang='lat' dir='ltr'>perinde</span> <span class='ocrx_word' id='word_1_62' title='bbox 988 675 1118 717; x_wconf 80' lang='lat' dir='ltr'>abesse</span> <span class='ocrx_word' id='word_1_63' title='bbox 1141 673 1335 718; x_wconf 68' lang='lat' dir='ltr'>&amp;adesse</span> <span class='ocrx_word' id='word_1_64' title='bbox 1358 673 1514 730; x_wconf 83' lang='lat' dir='ltr'><strong>potest,</strong></span> <span class='ocrx_word' id='word_1_65' title='bbox 1549 674 1675 714; x_wconf 64' lang='lat' dir='ltr'>doce‘·</span> 
     </span>
     <span class='ocr_line' id='line_1_10' title="bbox 335 740 1674 800; baseline -0.009 -2"><span class='ocrx_word' id='word_1_66' title='bbox 335 746 397 799; x_wconf 83' lang='lat' dir='ltr'>bit</span> <span class='ocrx_word' id='word_1_67' title='bbox 415 754 641 796; x_wconf 84' lang='lat' dir='ltr'>Bochartus</span> <span class='ocrx_word' id='word_1_68' title='bbox 657 751 738 792; x_wconf 86' lang='lat' dir='ltr'>loc.</span> <span class='ocrx_word' id='word_1_69' title='bbox 758 750 831 791; x_wconf 87' lang='lat' dir='ltr'>cit.</span> <span class='ocrx_word' id='word_1_70' title='bbox 873 747 957 791; x_wconf 87' lang='lat' dir='ltr'>Sed</span> <span class='ocrx_word' id='word_1_71' title='bbox 976 748 1028 789; x_wconf 88' lang='lat' dir='ltr'>de</span> <span class='ocrx_word' id='word_1_72' title='bbox 1046 744 1193 789; x_wconf 82' lang='lat' dir='ltr'>initiali</span> <span class='ocrx_word' id='word_1_73' title='bbox 1211 746 1331 788; x_wconf 83' lang='lat' dir='ltr'>litera</span> <span class='ocrx_word' id='word_1_74' title='bbox 1349 740 1470 800; x_wconf 68' lang='lat' dir='ltr'>hujus</span> <span class='ocrx_word' id='word_1_75' title='bbox 1491 744 1674 786; x_wconf 81' lang='lat' dir='ltr'>nominis</span> 
     </span>
     <span class='ocr_line' id='line_1_11' title="bbox 335 815 1674 883; baseline -0.009 -14"><span class='ocrx_word' id='word_1_76' title='bbox 335 826 504 883; x_wconf 82' lang='lat' dir='ltr'>gravior</span> <span class='ocrx_word' id='word_1_77' title='bbox 521 824 698 866; x_wconf 83' lang='lat' dir='ltr'>nascitur</span> <span class='ocrx_word' id='word_1_78' title='bbox 717 820 971 875; x_wconf 79' lang='lat' dir='ltr'><strong>disceptatio.</strong></span> <span class='ocrx_word' id='word_1_79' title='bbox 1026 819 1134 862; x_wconf 82' lang='lat' dir='ltr'>Nam</span> <span class='ocrx_word' id='word_1_80' title='bbox 1156 831 1284 874; x_wconf 88' lang='lat' dir='ltr'>quum</span> <span class='ocrx_word' id='word_1_81' title='bbox 1309 818 1354 859; x_wconf 88' lang='lat' dir='ltr'>in</span> <span class='ocrx_word' id='word_1_82' title='bbox 1379 818 1553 873; x_wconf 79' lang='lat' dir='ltr'><strong>primam</strong></span> <span class='ocrx_word' id='word_1_83' title='bbox 1583 815 1674 857; x_wconf 82' lang='lat' dir='ltr'>lite-</span> 
     </span>
     <span class='ocr_line' id='line_1_12' title="bbox 337 889 1675 947; baseline -0.009 -8"><span class='ocrx_word' id='word_1_84' title='bbox 337 911 425 947; x_wconf 84' lang='lat' dir='ltr'>ram</span> <span class='ocrx_word' id='word_1_85' title='bbox 446 896 479 937; x_wconf 93' lang='lat' dir='ltr'>B</span> <span class='ocrx_word' id='word_1_86' title='bbox 504 893 758 937; x_wconf 80' lang='lat' dir='ltr'>consentiant</span> <span class='ocrx_word' id='word_1_87' title='bbox 795 892 925 933; x_wconf 88' lang='lat' dir='ltr'>ceteri</span> <span class='ocrx_word' id='word_1_88' title='bbox 964 903 1110 931; x_wconf 89' lang='lat' dir='ltr'>omnes</span> <span class='ocrx_word' id='word_1_89' title='bbox 1140 890 1383 945; x_wconf 73' lang='lat' dir='ltr'>scriptores‘,</span> <span class='ocrx_word' id='word_1_90' title='bbox 1431 889 1475 930; x_wconf 88' lang='lat' dir='ltr'>in</span> <span class='ocrx_word' id='word_1_91' title='bbox 1505 892 1675 942; x_wconf 80' lang='lat' dir='ltr'><strong>promtu</strong></span> 
     </span>
     <span class='ocr_line' id='line_1_13' title="bbox 338 958 1675 1024; baseline -0.008 -14"><span class='ocrx_word' id='word_1_92' title='bbox 338 969 504 1024; x_wconf 87' lang='lat' dir='ltr'>quidem</span> <span class='ocrx_word' id='word_1_93' title='bbox 523 974 631 1015; x_wconf 83' lang='lat' dir='ltr'>erat,</span> <span class='ocrx_word' id='word_1_94' title='bbox 661 971 710 1005; x_wconf 86' lang='lat' dir='ltr'>ut</span> <span class='ocrx_word' id='word_1_95' title='bbox 729 975 825 1004; x_wconf 92' lang='lat' dir='ltr'>cum</span> <span class='ocrx_word' id='word_1_96' title='bbox 844 961 1051 1003; x_wconf 85' lang='lat' dir='ltr'>Bocharto</span> <span class='ocrx_word' id='word_1_97' title='bbox 1072 962 1360 1016; x_wconf 84' lang='lat' dir='ltr'>suspicaremur</span> <span class='ocrx_word' id='word_1_98' title='bbox 1372 991 1385 1010; x_wconf 93' lang='lat'><em>‚</em></span> <span class='ocrx_word' id='word_1_99' title='bbox 1418 960 1529 1014; x_wconf 78' lang='lat' dir='ltr'>-apud</span> <span class='ocrx_word' id='word_1_100' title='bbox 1544 958 1675 1012; x_wconf 67' lang='lat' dir='ltr'><strong>‘Poly-</strong></span> 
     </span>
     <span class='ocr_line' id='line_1_14' title="bbox 338 1031 1678 1088; baseline -0.008 -6"><span class='ocrx_word' id='word_1_101' title='bbox 338 1041 454 1083; x_wconf 86' lang='lat' dir='ltr'>bium</span> <span class='ocrx_word' id='word_1_102' title='bbox 469 1039 630 1079; x_wconf 80' lang='lat' dir='ltr'>literam</span> <span class='ocrx_word' id='word_1_103' title='bbox 640 1037 671 1088; x_wconf 80' lang='grc' dir='ltr'><strong><em>β</em></strong></span> <span class='ocrx_word' id='word_1_104' title='bbox 688 1034 947 1076; x_wconf 73' lang='lat' dir='ltr'>librariorum</span> <span class='ocrx_word' id='word_1_105' title='bbox 966 1046 1106 1074; x_wconf 80' lang='lat' dir='ltr'>errore</span> <span class='ocrx_word' id='word_1_106' title='bbox 1125 1045 1220 1074; x_wconf 88' lang='lat' dir='ltr'>cum</span> <span class='ocrx_word' id='word_1_107' title='bbox 1238 1047 1270 1083; x_wconf 71' lang='grc' dir='ltr'>μ.</span> <span class='ocrx_word' id='word_1_108' title='bbox 1286 1031 1367 1073; x_wconf 82' lang='lat' dir='ltr'>effe</span> <span class='ocrx_word' id='word_1_109' title='bbox 1380 1038 1678 1086; x_wconf 75' lang='lat' dir='ltr'>permutatam3</span> 
     </span>
     <span class='ocr_line' id='line_1_15' title="bbox 339 1102 1678 1159; baseline -0.008 -7"><span class='ocrx_word' id='word_1_110' title='bbox 339 1107 576 1153; x_wconf 85' lang='lat' dir='ltr'>confufione</span> <span class='ocrx_word' id='word_1_111' title='bbox 596 1107 689 1148; x_wconf 83' lang='lat' dir='ltr'>satis</span> <span class='ocrx_word' id='word_1_112' title='bbox 710 1105 852 1155; x_wconf 85' lang='lat' dir='ltr'>obvia,</span> <span class='ocrx_word' id='word_1_113' title='bbox 880 1117 996 1159; x_wconf 86' lang='lat' dir='ltr'><strong>quae,</strong></span> <span class='ocrx_word' id='word_1_114' title='bbox 1022 1112 1067 1147; x_wconf 85' lang='lat' dir='ltr'>ut</span> <span class='ocrx_word' id='word_1_115' title='bbox 1079 1104 1164 1158; x_wconf 80' lang='lat' dir='ltr'>jam</span> <span class='ocrx_word' id='word_1_116' title='bbox 1182 1103 1278 1145; x_wconf 67' lang='lat' dir='ltr'>alifis</span> <span class='ocrx_word' id='word_1_117' title='bbox 1299 1102 1557 1151; x_wconf 82' lang='lat' dir='ltr'>monuimus,</span> <span class='ocrx_word' id='word_1_118' title='bbox 1584 1107 1678 1142; x_wconf 84' lang='lat' dir='ltr'>nata</span> 
     </span>
     <span class='ocr_line' id='line_1_16' title="bbox 340 1174 1677 1231; baseline -0.008 -7"><span class='ocrx_word' id='word_1_119' title='bbox 340 1182 398 1224; x_wconf 88' lang='lat' dir='ltr'>est</span> <span class='ocrx_word' id='word_1_120' title='bbox 416 1195 467 1222; x_wconf 81' lang='lat' dir='ltr'>ex</span> <span class='ocrx_word' id='word_1_121' title='bbox 487 1178 748 1221; x_wconf 65' lang='lat' dir='ltr'>similitudine</span> <span class='ocrx_word' id='word_1_122' title='bbox 770 1176 904 1218; x_wconf 83' lang='lat' dir='ltr'>literae</span> <span class='ocrx_word' id='word_1_123' title='bbox 922 1190 954 1227; x_wconf 80' lang='grc' dir='ltr'><strong><em>μ</em></strong></span> <span class='ocrx_word' id='word_1_124' title='bbox 970 1189 1065 1217; x_wconf 91' lang='lat' dir='ltr'>cum</span> <span class='ocrx_word' id='word_1_125' title='bbox 1085 1174 1218 1230; x_wconf 81' lang='lat' dir='ltr'>figura</span> <span class='ocrx_word' id='word_1_126' title='bbox 1237 1175 1305 1231; x_wconf 67' lang='lat' dir='ltr'>illa</span> <span class='ocrx_word' id='word_1_127' title='bbox 1325 1174 1458 1216; x_wconf 85' lang='lat' dir='ltr'>literae</span> <span class='ocrx_word' id='word_1_128' title='bbox 1479 1174 1523 1226; x_wconf 85' lang='grc' dir='ltr'>β,</span> <span class='ocrx_word' id='word_1_129' title='bbox 1554 1185 1677 1227; x_wconf 80' lang='lat' dir='ltr'>quam</span> 
     </span>
     <span class='ocr_line' id='line_1_17' title="bbox 343 1243 1678 1303; baseline -0.007 -9"><span class='ocrx_word' id='word_1_130' title='bbox 343 1266 365 1295; x_wconf 79' lang='lat' dir='ltr'>a</span> <span class='ocrx_word' id='word_1_131' title='bbox 383 1266 496 1294; x_wconf 89' lang='lat' dir='ltr'>nono</span> <span class='ocrx_word' id='word_1_132' title='bbox 507 1252 603 1292; x_wconf 85' lang='lat' dir='ltr'>inde</span> <span class='ocrx_word' id='word_1_133' title='bbox 621 1248 756 1290; x_wconf 87' lang='lat' dir='ltr'>seculo</span> <span class='ocrx_word' id='word_1_134' title='bbox 771 1245 911 1303; x_wconf 81' lang='lat' dir='ltr'>paffim</span> <span class='ocrx_word' id='word_1_135' title='bbox 929 1245 1114 1289; x_wconf 76' lang='lat' dir='ltr'>usitatam</span> <span class='ocrx_word' id='word_1_136' title='bbox 1122 1245 1252 1296; x_wconf 83' lang='lat' dir='ltr'>fuiffe,</span> <span class='ocrx_word' id='word_1_137' title='bbox 1275 1246 1398 1286; x_wconf 75' lang='lat' dir='ltr'>docet</span> <span class='ocrx_word' id='word_1_138' title='bbox 1407 1243 1678 1286; x_wconf 81' lang='lat' dir='ltr'>Montfaucon</span> 
     </span>
     <span class='ocr_line' id='line_1_18' title="bbox 345 1317 1680 1377; baseline -0.007 -12"><span class='ocrx_word' id='word_1_139' title='bbox 345 1324 546 1377; x_wconf 82' lang='lat' dir='ltr'><strong>Palaeogr.</strong></span> <span class='ocrx_word' id='word_1_140' title='bbox 568 1319 703 1362; x_wconf 84' lang='lat' dir='ltr'><strong>Graec.</strong></span> <span class='ocrx_word' id='word_1_141' title='bbox 719 1332 761 1373; x_wconf 87' lang='lat' dir='ltr'>p.</span> <span class='ocrx_word' id='word_1_142' title='bbox 783 1329 879 1372; x_wconf 84' lang='lat'><strong>335.</strong></span> <span class='ocrx_word' id='word_1_143' title='bbox 899 1317 944 1360; x_wconf 84' lang='lat'>&amp;</span> <span class='ocrx_word' id='word_1_144' title='bbox 957 1317 1173 1360; x_wconf 81' lang='lat' dir='ltr'>ostendunt</span> <span class='ocrx_word' id='word_1_145' title='bbox 1192 1317 1393 1371; x_wconf 58' lang='lat' dir='ltr'>exempla.</span> <span class='ocrx_word' id='word_1_146' title='bbox 1420 1329 1517 1371; x_wconf 83' lang='lat' dir='ltr'>quae</span> <span class='ocrx_word' id='word_1_147' title='bbox 1535 1327 1680 1356; x_wconf 86' lang='lat' dir='ltr'>occur-</span> 
     </span>
     <span class='ocr_line' id='line_1_19' title="bbox 343 1386 1682 1446; baseline -0.007 -10"><span class='ocrx_word' id='word_1_148' title='bbox 343 1399 440 1436; x_wconf 87' lang='lat' dir='ltr'>runt</span> <span class='ocrx_word' id='word_1_149' title='bbox 464 1394 507 1434; x_wconf 89' lang='lat' dir='ltr'>in</span> <span class='ocrx_word' id='word_1_150' title='bbox 528 1389 814 1446; x_wconf 84' lang='lat' dir='ltr'>speciminibus</span> <span class='ocrx_word' id='word_1_151' title='bbox 839 1389 1076 1444; x_wconf 77' lang='lat' dir='ltr'>scripturae,</span> <span class='ocrx_word' id='word_1_152' title='bbox 1115 1389 1165 1430; x_wconf 90' lang='lat' dir='ltr'>ab</span> <span class='ocrx_word' id='word_1_153' title='bbox 1194 1389 1343 1429; x_wconf 88' lang='lat' dir='ltr'>eodem</span> <span class='ocrx_word' id='word_1_154' title='bbox 1367 1386 1682 1429; x_wconf 69' lang='lat' dir='ltr'>montfauconio</span> 
     </span>
     <span class='ocr_line' id='line_1_20' title="bbox 341 1452 1679 1520; baseline -0.007 -13"><span class='ocrx_word' id='word_1_155' title='bbox 341 1479 382 1520; x_wconf 90' lang='lat' dir='ltr'>p.</span> <span class='ocrx_word' id='word_1_156' title='bbox 403 1475 498 1518; x_wconf 85' lang='lat'><strong>274.</strong></span> <span class='ocrx_word' id='word_1_157' title='bbox 514 1462 719 1504; x_wconf 72' lang='lat' dir='ltr'>exhibitiS.</span> <span class='ocrx_word' id='word_1_158' title='bbox 770 1460 847 1509; x_wconf 81' lang='lat' dir='ltr'>Et,</span> <span class='ocrx_word' id='word_1_159' title='bbox 876 1472 1003 1515; x_wconf 88' lang='lat' dir='ltr'>quum</span> <span class='ocrx_word' id='word_1_160' title='bbox 1023 1452 1193 1515; x_wconf 61' lang='lat' dir='ltr'>dnbimn</span> <span class='ocrx_word' id='word_1_161' title='bbox 1214 1459 1379 1513; x_wconf 87' lang='lat' dir='ltr'>aliquod</span> <span class='ocrx_word' id='word_1_162' title='bbox 1400 1456 1679 1512; x_wconf 50' lang='lat' dir='ltr'>mowereposs</span> 
     </span>
     <span class='ocr_line' id='line_1_21' title="bbox 342 1526 1695 1591; baseline -0.006 -14"><span class='ocrx_word' id='word_1_163' title='bbox 342 1537 403 1578; x_wconf 84' lang='lat' dir='ltr'>set</span> <span class='ocrx_word' id='word_1_164' title='bbox 421 1536 606 1591; x_wconf 81' lang='lat' dir='ltr'>pertinax</span> <span class='ocrx_word' id='word_1_165' title='bbox 627 1533 694 1574; x_wconf 84' lang='lat' dir='ltr'>ine</span> <span class='ocrx_word' id='word_1_166' title='bbox 713 1533 905 1573; x_wconf 84' lang='lat' dir='ltr'>codicum</span> <span class='ocrx_word' id='word_1_167' title='bbox 931 1530 1252 1585; x_wconf 85' lang='lat' dir='ltr'>Polybianorum</span> <span class='ocrx_word' id='word_1_168' title='bbox 1281 1526 1412 1572; x_wconf 83' lang='lat' dir='ltr'>tribus&#39;</span> <span class='ocrx_word' id='word_1_169' title='bbox 1441 1527 1608 1571; x_wconf 84' lang='lat' dir='ltr'>diverfis</span> <span class='ocrx_word' id='word_1_170' title='bbox 1637 1528 1695 1569; x_wconf 77' lang='lat' dir='ltr'>in&#39;</span> 
     </span>
     <span class='ocr_line' id='line_1_22' title="bbox 344 1600 1682 1659; baseline -0.004 -12"><span class='ocrx_word' id='word_1_171' title='bbox 344 1607 449 1648; x_wconf 90' lang='lat' dir='ltr'>locis</span> <span class='ocrx_word' id='word_1_172' title='bbox 470 1605 708 1656; x_wconf 88' lang='lat' dir='ltr'>consensus,</span> <span class='ocrx_word' id='word_1_173' title='bbox 745 1611 979 1659; x_wconf 88' lang='lat' dir='ltr'><strong>opportune</strong></span> <span class='ocrx_word' id='word_1_174' title='bbox 999 1603 1245 1644; x_wconf 86' lang='lat' dir='ltr'>occurrebat</span> <span class='ocrx_word' id='word_1_175' title='bbox 1260 1601 1430 1651; x_wconf 78' lang='lat' dir='ltr'>Suidas‚</span> <span class='ocrx_word' id='word_1_176' title='bbox 1462 1601 1533 1656; x_wconf 84' lang='lat' dir='ltr'>qui</span> <span class='ocrx_word' id='word_1_177' title='bbox 1550 1601 1593 1642; x_wconf 89' lang='lat' dir='ltr'>in</span> <span class='ocrx_word' id='word_1_178' title='bbox 1606 1600 1682 1655; x_wconf 67' lang='lat' dir='ltr'>sud</span> 
     </span>
     <span class='ocr_line' id='line_1_23' title="bbox 346 1669 1683 1728; baseline -0.005 -9"><span class='ocrx_word' id='word_1_179' title='bbox 346 1677 513 1727; x_wconf 86' lang='lat' dir='ltr'>codice,</span> <span class='ocrx_word' id='word_1_180' title='bbox 544 1676 624 1717; x_wconf 91' lang='lat' dir='ltr'>hoc</span> <span class='ocrx_word' id='word_1_181' title='bbox 646 1682 758 1717; x_wconf 87' lang='lat' dir='ltr'>certe</span> <span class='ocrx_word' id='word_1_182' title='bbox 775 1676 894 1725; x_wconf 83' lang='lat' dir='ltr'>loco,</span> <span class='ocrx_word' id='word_1_183' title='bbox 934 1675 977 1716; x_wconf 88' lang='lat' dir='ltr'>in</span> <span class='ocrx_word' id='word_1_184' title='bbox 999 1669 1083 1728; x_wconf 74' lang='lat' dir='ltr'><strong>qu&#39;o</strong></span> <span class='ocrx_word' id='word_1_185' title='bbox 1102 1673 1328 1724; x_wconf 86' lang='lat' dir='ltr'>versamur,</span> <span class='ocrx_word' id='word_1_186' title='bbox 1366 1674 1509 1728; x_wconf 84' lang='lat' dir='ltr'>utique</span> <span class='ocrx_word' id='word_1_187' title='bbox 1537 1685 1612 1727; x_wconf 84' lang='lat' dir='ltr'>per</span> <span class='ocrx_word' id='word_1_188' title='bbox 1635 1672 1683 1713; x_wconf 84' lang='lat' dir='ltr'>li-</span> 
     </span>
     <span class='ocr_line' id='line_1_24' title="bbox 345 1743 1683 1804; baseline -0.004 -14"><span class='ocrx_word' id='word_1_189' title='bbox 345 1756 477 1790; x_wconf 86' lang='lat' dir='ltr'>teram</span> <span class='ocrx_word' id='word_1_190' title='bbox 497 1746 748 1802; x_wconf 66' lang='lat' dir='ltr'>B-scriptum</span> <span class='ocrx_word' id='word_1_191' title='bbox 778 1746 820 1788; x_wconf 91' lang='lat' dir='ltr'>id</span> <span class='ocrx_word' id='word_1_192' title='bbox 845 1758 999 1787; x_wconf 88' lang='lat' dir='ltr'>nomen</span> <span class='ocrx_word' id='word_1_193' title='bbox 1027 1745 1224 1804; x_wconf 76' lang='lat' dir='ltr'>inveniss&#39;e</span> <span class='ocrx_word' id='word_1_194' title='bbox 1254 1747 1430 1787; x_wconf 81' lang='lat' dir='ltr'>videtur.</span> <span class='ocrx_word' id='word_1_195' title='bbox 1488 1743 1528 1785; x_wconf 83' lang='lat' dir='ltr'>Is</span> <span class='ocrx_word' id='word_1_196' title='bbox 1557 1744 1683 1793; x_wconf 88' lang='lat' dir='ltr'>enim,</span> 
     </span>
     <span class='ocr_line' id='line_1_25' title="bbox 300 1808 1683 1872; baseline -0.004 -11"><span class='ocrx_word' id='word_1_197' title='bbox 300 1808 302 1810; x_wconf 12' lang='lat' dir='ltr'>V</span> <span class='ocrx_word' id='word_1_198' title='bbox 348 1833 445 1862; x_wconf 87' lang='lat' dir='ltr'>cum</span> <span class='ocrx_word' id='word_1_199' title='bbox 473 1819 525 1860; x_wconf 83' lang='lat' dir='ltr'>ad</span> <span class='ocrx_word' id='word_1_200' title='bbox 544 1819 696 1859; x_wconf 74' lang='lat' dir='ltr'>vbcem</span> <span class='ocrx_word' id='word_1_201' title='bbox 716 1811 879 1872; x_wconf 70' lang='grc' dir='ltr'><em>ΤενοῖὙη</em></span> <span class='ocrx_word' id='word_1_202' title='bbox 905 1817 1064 1872; x_wconf 84' lang='lat' dir='ltr'><strong>profert</strong></span> <span class='ocrx_word' id='word_1_203' title='bbox 1092 1816 1255 1871; x_wconf 78' lang='lat' dir='ltr'>Polybii</span> <span class='ocrx_word' id='word_1_204' title='bbox 1285 1810 1438 1866; x_wconf 66' lang='lat' dir='ltr'>verba,v</span> <span class='ocrx_word' id='word_1_205' title='bbox 1471 1828 1564 1870; x_wconf 86' lang='lat' dir='ltr'>quae</span> <span class='ocrx_word' id='word_1_206' title='bbox 1592 1815 1683 1856; x_wconf 82' lang='lat' dir='ltr'>sunt</span> 
     </span>
     <span class='ocr_line' id='line_1_26' title="bbox 348 1878 1698 1944; baseline -0.003 -13"><span class='ocrx_word' id='word_1_207' title='bbox 348 1890 450 1932; x_wconf 89' lang='lat' dir='ltr'>vers.</span> <span class='ocrx_word' id='word_1_208' title='bbox 469 1893 509 1940; x_wconf 90' lang='lat'>8.</span> <span class='ocrx_word' id='word_1_209' title='bbox 529 1889 650 1944; x_wconf 88' lang='lat' dir='ltr'><strong>hujus</strong></span> <span class='ocrx_word' id='word_1_210' title='bbox 671 1890 815 1944; x_wconf 84' lang='lat' dir='ltr'>capitis</span> <span class='ocrx_word' id='word_1_211' title='bbox 828 1919 844 1939; x_wconf 79' lang='lat'><strong>,</strong></span> <span class='ocrx_word' id='word_1_212' title='bbox 868 1889 926 1930; x_wconf 87' lang='lat' dir='ltr'>ita</span> <span class='ocrx_word' id='word_1_213' title='bbox 943 1888 1101 1932; x_wconf 78' lang='lat' dir='ltr'>scribit:</span> <span class='ocrx_word' id='word_1_214' title='bbox 1143 1883 1368 1942; x_wconf 64' lang='grc' dir='ltr'>Πολύβιοςο</span> <span class='ocrx_word' id='word_1_215' title='bbox 1395 1882 1515 1929; x_wconf 69' lang='grc' dir='ltr'><strong><em>Κατ-αὶ</em></strong></span> <span class='ocrx_word' id='word_1_216' title='bbox 1536 1882 1607 1941; x_wconf 72' lang='grc' dir='ltr'>τήν</span> <span class='ocrx_word' id='word_1_217' title='bbox 1628 1878 1698 1933; x_wconf 65' lang='lat' dir='ltr'>efc&#39;</span> 
     </span>
     <span class='ocr_line' id='line_1_27' title="bbox 345 1954 1683 2015; baseline -0.002 -12"><span class='ocrx_word' id='word_1_218' title='bbox 345 1956 557 2013; x_wconf 66' lang='grc' dir='ltr'>θάλατῩαὶι</span> <span class='ocrx_word' id='word_1_219' title='bbox 585 1954 758 2015; x_wconf 77' lang='grc' dir='ltr'><em>ἐκβολῆν</em></span> <span class='ocrx_word' id='word_1_220' title='bbox 788 1960 858 2001; x_wconf 74' lang='grc' dir='ltr'>τοῦ</span> <span class='ocrx_word' id='word_1_221' title='bbox 887 1954 1125 2015; x_wconf 74' lang='lat' dir='ltr'>Bovucx&#39;poe</span> <span class='ocrx_word' id='word_1_222' title='bbox 1151 1960 1334 2011; x_wconf 77' lang='grc' dir='ltr'>ποταμοῦ</span> <span class='ocrx_word' id='word_1_223' title='bbox 1355 1958 1438 2002; x_wconf 84' lang='lat' dir='ltr'>&amp;c.</span> <span class='ocrx_word' id='word_1_224' title='bbox 1467 1957 1512 2001; x_wconf 87' lang='lat'>&amp;</span> <span class='ocrx_word' id='word_1_225' title='bbox 1537 1959 1683 2000; x_wconf 78' lang='lat' dir='ltr'>eadem</span> 
     </span>
     <span class='ocr_line' id='line_1_28' title="bbox 346 2020 1684 2087; baseline -0.003 -14"><span class='ocrx_word' id='word_1_226' title='bbox 346 2032 428 2087; x_wconf 84' lang='lat' dir='ltr'>ipsa</span> <span class='ocrx_word' id='word_1_227' title='bbox 451 2032 576 2074; x_wconf 88' lang='lat' dir='ltr'>verba</span> <span class='ocrx_word' id='word_1_228' title='bbox 593 2032 741 2073; x_wconf 89' lang='lat' dir='ltr'>eodem</span> <span class='ocrx_word' id='word_1_229' title='bbox 765 2032 890 2073; x_wconf 89' lang='lat' dir='ltr'>modo</span> <span class='ocrx_word' id='word_1_230' title='bbox 910 2032 1062 2086; x_wconf 86' lang='lat' dir='ltr'>repetit</span> <span class='ocrx_word' id='word_1_231' title='bbox 1080 2033 1124 2073; x_wconf 90' lang='lat' dir='ltr'>in</span> <span class='ocrx_word' id='word_1_232' title='bbox 1145 2031 1247 2073; x_wconf 85' lang='lat' dir='ltr'>serie</span> <span class='ocrx_word' id='word_1_233' title='bbox 1270 2031 1404 2073; x_wconf 83' lang='lat' dir='ltr'>literae</span> <span class='ocrx_word' id='word_1_234' title='bbox 1425 2029 1471 2071; x_wconf 84' lang='lat' dir='ltr'>B.</span> <span class='ocrx_word' id='word_1_235' title='bbox 1499 2029 1571 2071; x_wconf 86' lang='lat' dir='ltr'>ubi</span> <span class='ocrx_word' id='word_1_236' title='bbox 1601 2020 1684 2070; x_wconf 67' lang='lat' dir='ltr'>ait&#39;:</span> 
     </span>
     <span class='ocr_line' id='line_1_29' title="bbox 348 2096 1689 2158; baseline -0.003 -14"><span class='ocrx_word' id='word_1_237' title='bbox 348 2098 576 2158; x_wconf 68' lang='grc' dir='ltr'>Βουκάρας·</span> <span class='ocrx_word' id='word_1_238' title='bbox 606 2097 795 2153; x_wconf 75' lang='grc' dir='ltr'><em>ποταμός.</em></span> <span class='ocrx_word' id='word_1_239' title='bbox 835 2098 956 2145; x_wconf 60' lang='lat' dir='ltr'>Koara?</span> <span class='ocrx_word' id='word_1_240' title='bbox 987 2098 1058 2156; x_wconf 65' lang='grc' dir='ltr'>τήν</span> <span class='ocrx_word' id='word_1_241' title='bbox 1086 2099 1140 2150; x_wconf 77' lang='grc' dir='ltr'>εἰς</span> <span class='ocrx_word' id='word_1_242' title='bbox 1168 2097 1380 2154; x_wconf 62' lang='grc' dir='ltr'>θέλοι-ἧσεν</span> <span class='ocrx_word' id='word_1_243' title='bbox 1411 2096 1586 2156; x_wconf 67' lang='grc' dir='ltr'><em>ἐκβολήν</em></span> <span class='ocrx_word' id='word_1_244' title='bbox 1613 2098 1689 2141; x_wconf 72' lang='grc' dir='ltr'>τοῦ</span> 
     </span>
     <span class='ocr_line' id='line_1_30' title="bbox 347 2170 1686 2229; baseline 0 -15"><span class='ocrx_word' id='word_1_245' title='bbox 347 2170 533 2229; x_wconf 68' lang='grc' dir='ltr'><strong><em>Βουκάροι</em></strong></span> <span class='ocrx_word' id='word_1_246' title='bbox 554 2175 748 2226; x_wconf 76' lang='grc' dir='ltr'>ποταμοῦ.</span> <span class='ocrx_word' id='word_1_247' title='bbox 805 2173 924 2228; x_wconf 87' lang='lat' dir='ltr'><strong>(Quo</strong></span> <span class='ocrx_word' id='word_1_248' title='bbox 951 2175 1118 2229; x_wconf 86' lang='lat' dir='ltr'>quidem</span> <span class='ocrx_word' id='word_1_249' title='bbox 1142 2173 1239 2216; x_wconf 90' lang='lat' dir='ltr'>Ioco</span> <span class='ocrx_word' id='word_1_250' title='bbox 1265 2174 1375 2228; x_wconf 88' lang='lat' dir='ltr'>quod</span> <span class='ocrx_word' id='word_1_251' title='bbox 1395 2188 1422 2214; x_wconf 79' lang='grc' dir='ltr'>α</span> <span class='ocrx_word' id='word_1_252' title='bbox 1440 2186 1536 2214; x_wconf 88' lang='lat' dir='ltr'>cum</span> <span class='ocrx_word' id='word_1_253' title='bbox 1556 2186 1599 2212; x_wconf 83' lang='grc' dir='ltr'>ου</span> <span class='ocrx_word' id='word_1_254' title='bbox 1625 2170 1686 2214; x_wconf 78' lang='lat' dir='ltr'>est</span> 
     </span>
     <span class='ocr_line' id='line_1_31' title="bbox 346 2243 1685 2300; baseline -0.001 -15"><span class='ocrx_word' id='word_1_255' title='bbox 346 2252 642 2299; x_wconf 84' lang='lat' dir='ltr'>permutatum,</span> <span class='ocrx_word' id='word_1_256' title='bbox 689 2259 742 2286; x_wconf 91' lang='lat' dir='ltr'>ne</span> <span class='ocrx_word' id='word_1_257' title='bbox 768 2245 839 2287; x_wconf 86' lang='lat' dir='ltr'>ista</span> <span class='ocrx_word' id='word_1_258' title='bbox 867 2247 1032 2300; x_wconf 84' lang='lat' dir='ltr'>quidem</span> <span class='ocrx_word' id='word_1_259' title='bbox 1064 2246 1248 2287; x_wconf 57' lang='lat' dir='ltr'>mutatio*</span> <span class='ocrx_word' id='word_1_260' title='bbox 1272 2244 1475 2299; x_wconf 85' lang='lat' dir='ltr'>exemplis</span> <span class='ocrx_word' id='word_1_261' title='bbox 1502 2250 1615 2285; x_wconf 83' lang='lat' dir='ltr'>caret</span> <span class='ocrx_word' id='word_1_262' title='bbox 1639 2243 1685 2284; x_wconf 87' lang='lat' dir='ltr'>in</span> 
     </span>
     <span class='ocr_line' id='line_1_32' title="bbox 347 2314 1685 2371; baseline 0 -15"><span class='ocrx_word' id='word_1_263' title='bbox 347 2316 494 2357; x_wconf 83' lang='lat' dir='ltr'>nostris</span> <span class='ocrx_word' id='word_1_264' title='bbox 516 2317 728 2358; x_wconf 88' lang='lat' dir='ltr'>codicibus</span> <span class='ocrx_word' id='word_1_265' title='bbox 747 2316 1010 2371; x_wconf 84' lang='lat' dir='ltr'>Polybianis;</span> <span class='ocrx_word' id='word_1_266' title='bbox 1050 2316 1145 2357; x_wconf 80' lang='lat' dir='ltr'>inde</span> <span class='ocrx_word' id='word_1_267' title='bbox 1170 2329 1319 2371; x_wconf 87' lang='lat' dir='ltr'>nempe</span> <span class='ocrx_word' id='word_1_268' title='bbox 1346 2323 1457 2368; x_wconf 75' lang='lat' dir='ltr'><strong>orta,</strong></span> <span class='ocrx_word' id='word_1_269' title='bbox 1498 2315 1608 2369; x_wconf 88' lang='lat' dir='ltr'>quod</span> <span class='ocrx_word' id='word_1_270' title='bbox 1635 2314 1685 2356; x_wconf 83' lang='lat' dir='ltr'>li-</span> 
     </span>
     <span class='ocr_line' id='line_1_33' title="bbox 320 2380 1684 2441; baseline -0.001 -14"><span class='ocrx_word' id='word_1_271' title='bbox 320 2436 322 2439; x_wconf 24' lang='lat'>·</span> <span class='ocrx_word' id='word_1_272' title='bbox 351 2393 451 2427; x_wconf 83' lang='lat' dir='ltr'>terae</span> <span class='ocrx_word' id='word_1_273' title='bbox 475 2401 494 2428; x_wconf 89' lang='grc' dir='ltr'><strong>ο</strong></span> <span class='ocrx_word' id='word_1_274' title='bbox 514 2385 558 2428; x_wconf 89' lang='lat'>&amp;</span> <span class='ocrx_word' id='word_1_275' title='bbox 580 2403 603 2428; x_wconf 87' lang='lat' dir='ltr'><strong><em>v</em></strong></span> <span class='ocrx_word' id='word_1_276' title='bbox 631 2388 752 2428; x_wconf 83' lang='lat' dir='ltr'>nimis</span> <span class='ocrx_word' id='word_1_277' title='bbox 780 2400 911 2441; x_wconf 86' lang='lat' dir='ltr'><strong>prope</strong></span> <span class='ocrx_word' id='word_1_278' title='bbox 938 2387 1064 2429; x_wconf 84' lang='lat' dir='ltr'>altera</span> <span class='ocrx_word' id='word_1_279' title='bbox 1090 2387 1207 2428; x_wconf 72' lang='lat' dir='ltr'>alteri</span> <span class='ocrx_word' id='word_1_280' title='bbox 1223 2380 1399 2441; x_wconf 61' lang='lat' dir='ltr'>junfitae,</span> <span class='ocrx_word' id='word_1_281' title='bbox 1429 2387 1507 2435; x_wconf 82' lang='lat' dir='ltr'>ita,·</span> <span class='ocrx_word' id='word_1_282' title='bbox 1533 2392 1581 2427; x_wconf 84' lang='lat' dir='ltr'>ut</span> <span class='ocrx_word' id='word_1_283' title='bbox 1601 2384 1684 2426; x_wconf 84' lang='lat' dir='ltr'>sese</span> 
     </span>
     <span class='ocr_line' id='line_1_34' title="bbox 349 2457 1684 2513; baseline 0 -16"><span class='ocrx_word' id='word_1_284' title='bbox 349 2458 616 2512; x_wconf 84' lang='lat' dir='ltr'>contingant,</span> <span class='ocrx_word' id='word_1_285' title='bbox 644 2458 822 2512; x_wconf 84' lang='lat' dir='ltr'>speciem</span> <span class='ocrx_word' id='word_1_286' title='bbox 842 2458 975 2500; x_wconf 81' lang='lat' dir='ltr'>literae</span> <span class='ocrx_word' id='word_1_287' title='bbox 998 2475 1025 2499; x_wconf 79' lang='grc' dir='ltr'>σε</span> <span class='ocrx_word' id='word_1_288' title='bbox 1044 2457 1267 2513; x_wconf 82' lang='lat' dir='ltr'>praebent.)</span> <span class='ocrx_word' id='word_1_289' title='bbox 1325 2458 1420 2499; x_wconf 86' lang='lat' dir='ltr'>Huc</span> <span class='ocrx_word' id='word_1_290' title='bbox 1449 2457 1684 2508; x_wconf 80' lang='lat' dir='ltr'>accedebat,</span> 
     </span>
     <span class='ocr_line' id='line_1_35' title="bbox 350 2527 1683 2584; baseline 0.001 -16"><span class='ocrx_word' id='word_1_291' title='bbox 350 2529 460 2581; x_wconf 88' lang='lat' dir='ltr'>quod</span> <span class='ocrx_word' id='word_1_292' title='bbox 490 2530 596 2582; x_wconf 82' lang='lat' dir='ltr'>apud</span> <span class='ocrx_word' id='word_1_293' title='bbox 620 2529 801 2570; x_wconf 81' lang='lat' dir='ltr'>Arabem</span> <span class='ocrx_word' id='word_1_294' title='bbox 827 2528 1144 2584; x_wconf 82' lang='lat' dir='ltr'>Geographum,</span> <span class='ocrx_word' id='word_1_295' title='bbox 1183 2541 1306 2582; x_wconf 88' lang='lat' dir='ltr'>quem</span> <span class='ocrx_word' id='word_1_296' title='bbox 1332 2527 1580 2569; x_wconf 87' lang='lat' dir='ltr'>Nubiensem</span> <span class='ocrx_word' id='word_1_297' title='bbox 1610 2540 1683 2569; x_wconf 84' lang='lat' dir='ltr'>vo-</span> 
     </span>
     <span class='ocr_line' id='line_1_36' title="bbox 279 2597 1684 2654; baseline 0.001 -16"><span class='ocrx_word' id='word_1_298' title='bbox 279 2600 281 2603; x_wconf 81' lang='grc'>’</span> <span class='ocrx_word' id='word_1_299' title='bbox 349 2605 468 2648; x_wconf 88' lang='lat' dir='ltr'>cant,</span> <span class='ocrx_word' id='word_1_300' title='bbox 498 2599 650 2640; x_wconf 83' lang='lat' dir='ltr'>flumen</span> <span class='ocrx_word' id='word_1_301' title='bbox 670 2601 750 2641; x_wconf 90' lang='lat' dir='ltr'>hoc</span> <span class='ocrx_word' id='word_1_302' title='bbox 769 2614 852 2641; x_wconf 87' lang='lat' dir='ltr'>non</span> <span class='ocrx_word' id='word_1_303' title='bbox 869 2597 1124 2654; x_wconf 75' lang='lat' dir='ltr'><em>Magz&#39;arda,</em></span> <span class='ocrx_word' id='word_1_304' title='bbox 1152 2598 1219 2640; x_wconf 85' lang='lat' dir='ltr'>sed</span> <span class='ocrx_word' id='word_1_305' title='bbox 1245 2598 1491 2652; x_wconf 84' lang='lat' dir='ltr'>Nagiarda,</span> <span class='ocrx_word' id='word_1_306' title='bbox 1520 2605 1567 2640; x_wconf 86' lang='lat' dir='ltr'>ut</span> <span class='ocrx_word' id='word_1_307' title='bbox 1595 2612 1684 2639; x_wconf 87' lang='lat' dir='ltr'>mo-</span> 
     </span>
     <span class='ocr_line' id='line_1_37' title="bbox 344 2669 1685 2725; baseline 0.001 -16"><span class='ocrx_word' id='word_1_308' title='bbox 344 2669 435 2710; x_wconf 87' lang='lat' dir='ltr'>nuit</span> <span class='ocrx_word' id='word_1_309' title='bbox 454 2669 701 2720; x_wconf 78' lang='lat' dir='ltr'>Bochartns,</span> <span class='ocrx_word' id='word_1_310' title='bbox 732 2671 860 2725; x_wconf 81' lang='lat' dir='ltr'><strong>vulgo</strong></span> <span class='ocrx_word' id='word_1_311' title='bbox 880 2671 1057 2725; x_wconf 80' lang='lat' dir='ltr'>legitur3</span> <span class='ocrx_word' id='word_1_312' title='bbox 1089 2669 1282 2711; x_wconf 87' lang='lat' dir='ltr'>mendose</span> <span class='ocrx_word' id='word_1_313' title='bbox 1300 2670 1549 2725; x_wconf 71' lang='lat' dir='ltr'>id&#39;quidern,</span> <span class='ocrx_word' id='word_1_314' title='bbox 1578 2670 1685 2712; x_wconf 52' lang='lat' dir='ltr'>ath.</span> 
     </span>
     <span class='ocr_line' id='line_1_38' title="bbox 346 2737 1681 2797; baseline 0.001 -17"><span class='ocrx_word' id='word_1_315' title='bbox 346 2745 435 2780; x_wconf 84' lang='lat' dir='ltr'>tera</span> <span class='ocrx_word' id='word_1_316' title='bbox 450 2737 491 2781; x_wconf 92' lang='lat' dir='ltr'>N</span> <span class='ocrx_word' id='word_1_317' title='bbox 507 2753 590 2781; x_wconf 91' lang='lat' dir='ltr'>non</span> <span class='ocrx_word' id='word_1_318' title='bbox 607 2754 657 2781; x_wconf 87' lang='lat' dir='ltr'>ex</span> <span class='ocrx_word' id='word_1_319' title='bbox 679 2742 723 2782; x_wconf 93' lang='lat' dir='ltr'>M</span> <span class='ocrx_word' id='word_1_320' title='bbox 741 2749 852 2793; x_wconf 83' lang='lat' dir='ltr'><strong>orta,</strong></span> <span class='ocrx_word' id='word_1_321' title='bbox 887 2755 982 2782; x_wconf 88' lang='lat' dir='ltr'>curn</span> <span class='ocrx_word' id='word_1_322' title='bbox 1002 2754 1080 2795; x_wconf 84' lang='lat' dir='ltr'>qua</span> <span class='ocrx_word' id='word_1_323' title='bbox 1101 2741 1141 2782; x_wconf 92' lang='lat' dir='ltr'>in</span> <span class='ocrx_word' id='word_1_324' title='bbox 1164 2738 1350 2782; x_wconf 82' lang='lat' dir='ltr'>Arabum</span> <span class='ocrx_word' id='word_1_325' title='bbox 1370 2742 1565 2797; x_wconf 86' lang='lat' dir='ltr'>scriptura</span> <span class='ocrx_word' id='word_1_326' title='bbox 1579 2740 1681 2782; x_wconf 86' lang='lat' dir='ltr'>nihil</span> 
     </span>
     <span class='ocr_line' id='line_1_39' title="bbox 351 2809 1697 2867; baseline 0.001 -16"><span class='ocrx_word' id='word_1_327' title='bbox 351 2824 572 2854; x_wconf 87' lang='lat' dir='ltr'>commune</span> <span class='ocrx_word' id='word_1_328' title='bbox 589 2811 735 2864; x_wconf 84' lang='lat' dir='ltr'>habet,</span> <span class='ocrx_word' id='word_1_329' title='bbox 764 2813 831 2855; x_wconf 86' lang='lat' dir='ltr'>sed</span> <span class='ocrx_word' id='word_1_330' title='bbox 852 2826 902 2853; x_wconf 80' lang='lat' dir='ltr'>ex</span> <span class='ocrx_word' id='word_1_331' title='bbox 925 2812 1043 2854; x_wconf 82' lang='lat' dir='ltr'>litera</span> <span class='ocrx_word' id='word_1_332' title='bbox 1061 2811 1218 2854; x_wconf 74' lang='lat' dir='ltr'>arabica</span> <span class='ocrx_word' id='word_1_333' title='bbox 1237 2811 1283 2861; x_wconf 87' lang='lat' dir='ltr'>B,</span> <span class='ocrx_word' id='word_1_334' title='bbox 1313 2825 1407 2867; x_wconf 83' lang='lat' dir='ltr'>quae</span> <span class='ocrx_word' id='word_1_335' title='bbox 1424 2809 1697 2855; x_wconf 66' lang='lat' dir='ltr'>librariorum·</span> 
     </span>
    </p>
   </div>
   <div class='ocr_carea' id='block_1_5' title="bbox 1571 2882 1682 2925">
    <p class='ocr_par' dir='ltr' id='par_1_5' title="bbox 1571 2882 1682 2925">
     <span class='ocr_line' id='line_1_40' title="bbox 1571 2882 1682 2925; baseline -0.009 -1"><span class='ocrx_word' id='word_1_336' title='bbox 1571 2882 1682 2925; x_wconf 81' lang='lat' dir='ltr'>facili</span> 
     </span>
    </p>
   </div>
  </div>
 </body>
</html>
