1734 3164
101 337 277 350 ,-....-.

111 492 207 534 Vers.
236 487 270 526 6

118 992 215 1035 Vers.
233 1002 267 1038 7.

297 230 380 286 642
639 266 645 272 .
720 230 1260 275 Annorazrmmsss'

302 353 390 389 erat
409 341 552 393 αὖτοὺς
572 345 615 387 iu
638 345 810 402 plurali,
839 353 887 389 ut
906 360 994 402 cap.
1009 346 1076 404 76,
1090 358 1128 401 5.
1141 347 1317 401 &82,7.
1336 346 1381 391 ὅτ
1399 347 1506 405 saepe
1525 346 1644 431 alifis)

299 418 374 461 nifi
400 418 661 460 commodius
682 431 792 458 nunc
815 417 1014 463 dediffent
1035 420 1216 462 codices.

389 487 503 543 Vers.
524 489 560 532 6
592 484 664 536 τοὶς
684 484 821 536 πόλεις
844 505 910 544 uoq
930 505 1001 545 την
1022 485 1176 547 χωριεν.
1233 485 1306 546 τήν
1330 505 1379 532 τε
1409 504 1550 546 χωραν
1579 486 1645 545 καὶ

299 556 372 609 τοὶς
391 556 526 607 πόλεις
548 560 692 603 Suidas
714 561 755 601 in
771 557 1023 604 Ἀνασιόσων.
1081 564 1198 605 Idem
1222 563 1319 605 ibid.
1340 553 1537 605 mendose
1561 558 1643 604 03⁷&
1703 571 1706 574 ⁴

299 629 500 690 Ῥωμαίων
520 646 597 687 pro
618 626 703 672 ὑπό.
764 634 890 685 (Nam
918 630 992 676 ὑπὸ
1022 650 1071 676 ex
1091 635 1290 690 Polybio,
1325 648 1484 676 nonrex
1502 634 1643 677 Suidae

301 706 536 757 codicibus,
567 705 785 763 correxisse
808 706 970 749 videtur
993 706 1226 757 Kiiste'rus.)
1279 698 1514 760 Rursusque
1532 705 1645 748 idem

301 775 449 820 Suidas
471 791 523 818 ex
543 785 738 833 corrupto
761 777 991 833 Polybiano
1020 778 1165 819 codice
1195 771 1468 831 τυγχάνουσιν
1494 770 1646 820 0211chss

305 863 395 890 σων,
451 849 497 890 In
517 849 688 904 probam
704 848 969 904 scripturam,
1000 843 1248 903 τυγχάνουσι
1267 842 1556 891 συνανασῶσὼν
1576 863 1644 892 co-

303 921 418 962 dices
441 920 565 962 nostri
583 920 855 963 consentiunt.
1540 926 1551 932 ”

390 991 438 1034 V
433 989 506 1046 ers.
527 1003 567 1045 7.
598 987 632 1032 δ’
654 987 955 1048 ἅπαλλοτριοῧν.
983 1020 993 1027 -
1013 991 1194 1035 Temere
1227 993 1273 1036 &
1299 993 1442 1037 invitis
1472 991 1644 1037 vetustis

303 1064 518 1105 codicibus
541 1059 574 1104 δ”
593 1060 821 1119 ἀλλοτριοῦν
843 1066 906 1106 ed.
930 1077 964 1106 1.
984 1064 1085 1119 Reg.
1100 1065 1143 1106 Β.
1154 1062 1201 1107 C.

386 1134 492 1176 Ibid.
523 1130 611 1182 τούς
642 1135 848 1183 δοκοῦντας
869 1130 1036 1177 πόλεσιν
1054 1127 1076 1190 ἢ
1096 1132 1303 1188 λιμέσιν
1323 1125 1574 1191 ἤλατ7οῧα9οιί
1589 1134 1649 1181 τι)

301 1205 372 1262 qui
397 1212 471 1247 aut
495 1196 688 1260 oppidis?
703 1213 779 1249 aut
801 1206 1002 1262 portubus
1033 1208 1315 1252 detrimentum
1333 1206 1498 1262 aliquod
1512 1200 1646 1263 cepzff?

289 1278 370 1334 fibi
388 1269 637 1320 viderentur<
682 1278 767 1323 Vix
780 1279 925 1320 >sanum
941 1280 1070 1322 videri
1089 1279 1333 1321 vocabulum
1353 1275 1522 1330 λιμέσιν,
1547 1289 1645 1331 por·

300 1349 436 1400 tubus,
463 1350 656 1404 privatim
677 1364 743 1391 me
762 1351 923 1392 monuit
940 1349 1146 1405 Heynius‚
1169 1351 1233 1392 vir
1247 1348 1511 1392 dofflffimus.
1548 1348 1643 1390 Per·

298 1416 435 1474 spefte
458 1419 562 1461 sane.
623 1421 728 1463 Nam
756 1434 861 1477 quos
879 1428 1028 1476 portus
1051 1421 1179 1464 Gallis
1202 1409 1436 1481 ademerint}
1452 1419 1643 1471 Romani,

301 1491 469 1534 difficile
487 1489 599 1534 diebu
617 1493 765 1534 fuerit:
796 1491 840 1535 &
862 1495 1031 1535 omnino
1052 1495 1103 1535 de
1123 1494 1326 1548 portubus
1346 1493 1390 1534 in
1405 1493 1642 1536 mediterra-

297 1576 376 1604 nea
394 1565 569 1618 regione
584 1595 595 1614 ,
626 1566 677 1606 de
699 1578 778 1619 qua
799 1565 866 1606 hic
890 1566 1050 1620 agitur,
1082 1578 1134 1606 ne
1164 1565 1342 1620 cogitari
1363 1565 1530 1620 quidem
1551 1555 1644 1619 potss

299 1635 369 1676 est.
411 1631 482 1682 τοὶς
502 1631 635 1683 πόλεις
656 1631 722 1691 καὶ
739 1631 810 1691 τήν
828 1631 973 1691 χώρα
986 1650 1006 1676 ν
1027 1637 1318 1691 dixeratpaulo
1331 1644 1426 1679 ante
1443 1635 1568 1688 (vers.
1579 1634 1643 1688 6.)
1695 1679 1698 1684 ,

300 1718 377 1762 pro
391 1719 455 1756 eo,
482 1710 592 1761 quod
614 1705 681 1748 hic
700 1708 855 1763 legitur
874 1702 1040 1749 πόλεσιν
1060 1703 1125 1761 καὶ
1144 1705 1312 1759 λιμέσιν.
1341 1705 1395 1750 Et
1414 1707 1471 1750 ita
1489 1720 1558 1749 res
1574 1706 1644 1750 ha-

249 1778 255 1783 '
299 1777 397 1819 bet:
438 1777 594 1833 oppidis
622 1777 672 1822 ⁴&
699 1780 837 1833 agris,
878 1793 962 1820 non
992 1778 1217 1834 portubus,
1248 1779 1390 1821 Gallos
1417 1779 1644 1822 multarunt

235 1852 237 1854 ’
299 1847 487 1892 Romani.
555 1850 684 1904 Agris
722 1858 859 1892 autem
893 1851 952 1891 illi
984 1849 1091 1891 Galli
1119 1864 1203 1891 non
1232 1856 1316 1892 tam
1346 1851 1396 1892 ad
1426 1848 1642 1906 colendam

298 1915 472 1971 terram,
503 1930 625 1975 qua‘m
645 1922 694 1962 ad
712 1920 858 1976 pascua
872 1920 1143 1977 potisfimum,
1173 1922 1404 1963 utebantur.
1465 1921 1573 1964 Nam
1594 1919 1643 1969 li-

299 1999 370 2032 cet
388 2002 513 2047 agros
534 1993 659 2033 etiam
682 1993 888 2043 colerent,
921 1992 993 2047 (II.
1017 2005 1077 2047 17,
1101 1991 1187 2045 ιο.)
1205 2001 1344 2034 tamen
1360 2006 1445 2035 non
1462 1992 1642 2034 inultum

297 2063 443 2117 utique
475 2064 680 2105 vocabant
705 2064 802 2107 huic
833 2065 974 2119 operi:
1014 2065 1203 2106 carnibus
1232 2062 1482 2119 potiflimum
1511 2061 1644 2118 vesce-

299 2133 472 2182 bantur,
511 2136 553 2176 in
584 2130 784 2190 gregibus
810 2137 975 2178 divitias
1002 2135 1274 2191 quaerebant„
1301 2134 1645 2190 rempecuariam

287 2204 527 2256 faciebant,
555 2213 600 2248 ut
619 2206 771 2248 ibidem
790 2209 913 2248 docet
931 2207 1153 2262 Polybius,
1179 2206 1234 2262 IJ.
1260 2200 1401 2260 17,''10
1412 2206 1465 2260 sq.
1517 2203 1643 2253 Quod

297 2287 411 2331 ergo
429 2278 606 2318 maxime
629 2291 737 2319 nunc
756 2279 972 2327 dolebant,
1002 2279 1083 2319 hoc
1105 2286 1212 2328 erat,
1249 2277 1361 2333 quod
1377 2274 1537 2332 pascuis
1558 2275 1643 2317 iuis

299 2345 345 2389 δι
365 2346 588 2401 pinguibus
605 2345 778 2402 pratis,
798 2349 1042 2401 λειμῶσι,
1075 2350 1222 2403 quibus
1242 2349 1447 2390 florebant
1467 2347 1643 2387 circum-

299 2420 471 2473 padanae
494 2420 688 2474 regiones
705 2451 715 2470 ‚
753 2421 913 2461 multati
933 2436 956 2461 a
977 2422 1172 2462 Romanis
1192 2420 1333 2462 efl'ent.
1391 2417 1502 2462 Vide
1525 2431 1643 2473 ergo,
1688 2406 1694 2411 ⁴

299 2491 631 2545 quandoquidem
651 2492 819 2532 codices
841 2492 941 2532 nihil
964 2491 1120 2533 subfidii
1140 2492 1355 2546 praestant,
1385 2504 1436 2531 an
1463 2503 1514 2531 ex
1543 2501 1642 2530 con·

293 2559 455 2616 jefftura
471 2563 589 2612 λειμ
602 2561 688 2603 ῶσι
709 2575 785 2616 pro
804 2560 980 2619 λιμέσι
1002 2564 1283 2616 reponendum
1297 2563 1496 2604 videatur.
1534 2555 1643 2603 Nam

297 2633 350 2674 de
378 2632 594 2683 Arimino,
633 2633 763 2682 Sena,
806 2642 875 2675 aut
904 2634 992 2674 aliis
1029 2647 1115 2674 orae
1145 2634 1267 2674 miris
1289 2633 1492 2675 Adriatici
1519 2630 1641 2681 locis,

296 2716 390 2758 quae
420 2702 653 2746 Senonibus
684 2703 813 2747 Gallis
840 2705 942 2746 olim
969 2704 1086 2746 fuere
1115 2706 1300 2757 ademta,
1338 2719 1425 2747 non
1455 2703 1640 2792 cogitau-

296 2775 456 2818 dumh.
473 2775 501 2818 l.
522 2776 698 2819 videtur.

1451 2911 1642 2960 CAPVT
