1742 3190
134 277 311 296 n—

152 303 245 369 Vers.
264 330 296 365 6.

155 958 251 996 Vers.
267 967 300 1002 7.

154 1241 248 1282 vers.
271 1248 302 1283 8.
331 1243 335 1250 “

160 1669 254 1709 vers.
274 1679 308 1715 9.

139 2169 236 2209 vers.
256 2178 310 2208 10.

133 2670 227 2710 Vers.
248 2680 287 2708 11
299 2695 311 2710 ο

335 188 420 245 336
754 203 1254 234 ono’rAnoNEs

423 300 533 358 Vers.
554 301 593 346 6.
625 299 878 358 Ἐμπορείων.
933 305 997 346 De
1028 305 1094 346 his
1121 305 1351 364 Emporiis,
1383 306 1435 348 ad
1465 303 1671 347 minorem

331 375 476 430 Syrtin
495 374 593 424 fitis,
622 375 767 417 confer
789 375 863 417 III.
886 387 953 430 23,
975 387 1012 418 2.
1035 367 1213 418 XXXII.
1228 387 1266 426 2,
1283 389 1316 419 ι.
1355 376 1476 419 Adde
1489 374 1671 431 Appiani
1724 412 1728 414 .

332 447 434 489 Hist.
453 447 593 488 Punic.
613 459 700 500 cap.
725 457 792 499 72.
820 445 866 488 &
893 459 987 501 quae
1017 447 1074 488 ibi
1103 448 1265 488 notavit
1286 445 1465 490 Tollius.
1521 443 1670 500 Ἐμπο-

331 513 442 574 ρείων
458 517 500 560 h.
522 517 548 559 l.
566 518 724 559 editum
743 517 801 559 est
822 531 873 557 ex
894 518 988 566 Bav.
1046 513 1268 572 Ἐμποριῶν
1297 525 1451 572 praeter
1469 519 1503 561 F
1503 518 1580 561 lor.
1603 519 1673 560 dat

326 583 457 632 'etiam
478 589 571 633 Vat.
595 589 726 630 forma
745 588 907 643 prorsus
929 587 1101 631 insolita.
1157 586 1375 644 Ἑμπορὲἷα
1403 590 1674 636 contradant

331 659 430 705 Vat.
451 658 495 702 &
512 660 545 701 F
547 659 704 714 lo‚r.I[I.
731 671 796 711 23,
817 671 856 701 2.
876 660 946 701 ubi
967 662 1097 702 ceteri
1116 656 1325 716 Ἑμπόρια.
1368 660 1560 715 Denique
1577 656 1672 712 Ἐμι

333 726 451 787 πόρια
473 738 618 772 omnes
637 729 813 773 XXXII.
834 743 871 781 2,
898 745 930 773 ι.
986 731 1160 774 Perinde
1179 733 1249 775 est.
1297 727 1488 786 τήνπερ)
1511 726 1557 772 τδ
1577 728 1673 783 ’Epo

331 799 466 858 πόριον
496 803 569 856 γῆν
598 803 699 844 dicit
726 803 942 858 Appianas
967 801 995 843 1.
1022 816 1060 844 c.
1125 802 1228 847 Ibld.
1259 803 1364 844 Dele
1393 815 1559 844 comma
1582 802 1674 858 post

334 873 511 921 ἐλπίδας.

421 946 469 989 V
462 943 536 1001 ers.
554 956 593 998 7.
623 939 685 986 dei
703 958 814 985 ποτε.
860 938 936 986 αἰεί
952 957 1053 985 ποτε
1069 945 1180 987 Flor.
1245 945 1349 987 Iba'a'.
1377 942 1672 1001 παρεχομένης.

330 1014 642 1074 παρεσχημένης
669 1023 740 1058 aut
769 1014 1082 1071 παρασχομένης
1109 1017 1296 1059 voluerat
1317 1017 1542 1068 ,Reiskius,
1576 1031 1672 1073 pro-

332 1093 488 1132 vocans
516 1090 566 1130 ad
595 1089 625 1129 I.
647 1091 714 1141 78,
744 1099 808 1129 11.
846 1086 930 1130 Sed
951 1088 1010 1130 nil
1029 1101 1150 1144 opus,
1187 1087 1298 1132 Vide
1326 1102 1420 1144 quae
1450 1090 1595 1131 monui
1623 1088 1675 1147 ed

335 1156 635 1216 ἀναγράφουσι,
667 1160 699 1200 Ι.
728 1172 760 1208 Ι,
785 1172 819 1201 ι.
1678 1168 1683 1174 ‘

423 1233 471 1275 V
466 1230 538 1287 ers.
561 1237 600 1282 8.
628 1228 904 1285 Ἱππακριτῶν.
964 1228 1075 1274 Vide
1104 1231 1220 1287 supra
1246 1230 1347 1274 ad21.
1368 1243 1438 1284 70,
1461 1240 1502 1285 9.
1567 1230 1676 1283 Ibid.

337 1301 655 1357 ἀναδεδεγμένον.
685 1297 979 1356 οἷναδεχὸμενοᾳ
996 1301 1109 1356 Aug.
1155 1295 1260 1345 Ibid.
1281 1298 1371 1350 τούς
1388 1299 1478 1344 κατ’
1495 1299 1675 1353 Ἀγαθο-

338 1375 440 1418 κλέα
459 1370 614 1430 καιρούς
627 1403 638 1422 ,
669 1373 914 1429 temporibus
941 1371 1196 1427 Agathoclis.
1253 1374 1482 1429 Vtramque
1508 1375 1676 1430 quidem

338 1450 503 1498 urbem,
531 1446 701 1490 Vticam
718 1446 763 1488 &
784 1446 1042 1500 Hipponem,
1071 1446 1182 1500 cepit
1199 1445 1478 1500 Agathocles3
1508 1445 1575 1488 sed
1591 1437 1679 1489 non
1726 1486 1732 1494 ι

337 1519 410 1562 nifi
429 1520 582 1560 summa
601 1516 709 1560 vi&
730 1519 929 1559 acerrima
952 1517 1284 1572 oppugnatione,
1315 1517 1384 1559 cui
1412 1517 1687 1572 pertinaciter

339 1592 577 1635 obstiterant
598 1590 812 1644 oppidani,
844 1595 892 1630 ut
911 1581 1035 1630 docet
1056 1589 1265 1630 Diodorus
1284 1588 1380 1631 XX.
1402 1600 1455 1643 54
1468 1588 1522 1643 fil.

422 1660 536 1717 Verss
555 1674 595 1718 9.
626 1655 689 1702 δια
706 1660 775 1716 τῆς
790 1645 1065 1712 μεταθέσεως.
1086 1679 1169 1711 —-,‚
1201 1659 1352 1702 Forsan
1372 1655 1464 1702 αἴπὸ.
1493 1659 1541 1701 Id
1561 1667 1677 1703 certe

337 1735 538 1784 sententia
554 1733 742 1788 postulat,
771 1745 895 1786 quem
916 1733 1041 1773 etiam
1053 1731 1312 1773 casaubonus
1332 1729 1445 1773 reste
1463 1730 1652 1786 expressit
1662 1742 1689 1773 2·

331 1806 475 1863 statim
494 1818 521 1847 a
539 1804 759 1846 voluntatis
778 1801 829 1846 Θ
836 1802 1064 1860 studiorum
1083 1799 1382 1856 transtatione.“
1418 1815 1592 1844 Rmsx.
1617 1822 1678 1836 -

343 1873 406 1918 διαὶ
434 1891 530 1918 cum
558 1877 689 1931 genit.
717 1876 937 1916 commode
963 1875 1003 1916 h.
1019 1875 1048 1916 1.
1078 1887 1153 1929 per
1182 1862 1515 1930 praepofitionem
1538 1875 1582 1916 in
1609 1872 1678 1917 vel

341 1962 430 1991 cum
449 1948 601 2003 exponi
622 1944 734 2002 pofl'e
753 1947 936 1997 videtur,
963 1946 1006 1987 in
1030 1942 1115 2000 ipsa
1135 1943 1365 2000 defiefi'ione,
1401 1958 1489 1987 cum
1509 1943 1594 2000 ipsa
1611 1945 1677 1988 de-

328 2019 511 2074 fefflone.
570 2018 674 2061 Ibid.
698 2012 930 2071 οἰκειότητα.
963 2007 1204 2060 οἰκειὸτατον
1227 2018 1292 2060 ed.
1310 2029 1353 2059 ·1.
1378 2030 1433 2058 ex
1448 2027 1594 2073 parum
1615 2018 1676 2060 in-

341 2089 509 2134 tellecto
527 2090 738 2145 scripturae
761 2091 1023 2144 compendio·
1364 2114 1382 2138 ,
1403 2115 1406 2122 ,

428 2160 543 2217 Vers.
569 2173 633 2203 10.
660 2157 756 2215 παρ’
774 2155 930 2203 ἐκείνων
956 2161 1119 2203 correxi
1134 2174 1187 2202 ex
1204 2159 1300 2206 Vat.
1316 2159 1425 2203 Flor.
1446 2158 1555 2215 Aug.
1571 2160 1690 2216 Regi.

341 2235 396 2278 A.
408 2235 453 2276 B.
463 2234 507 2276 C.
526 2240 722 2274 monente
742 2235 868 2274 etiam
878 2231 1025 2277 Vrfino
1043 2231 1088 2274 δι
1106 2231 1286 2274 Reiskio.
1342 2230 1486 2286 Vulgo
1506 2243 1556 2272 ex
1574 2232 1677 2275 Bav.

339 2307 536 2350 edebatur
555 2300 668 2359 παρ’
696 2299 867 2351 ἐκείνοις.
942 2302 1050 2346 Ibid.
1081 2297 1398 2349 ἀποκτείναντες.
1454 2302 1677 2356 perperam

343 2371 654 2422 ἀποκτείναντας
676 2376 741 2417 ed.
761 2388 798 2418 2.
829 2389 926 2417 cum
954 2389 1038 2417 uno
1068 2376 1160 2416 cod.
1189 2374 1302 2430 Aug.
1361 2365 1466 2415 Ibid.
1493 2365 1677 2422 ἅπαντας

342 2456 456 2492 caret
476 2450 541 2490 ed.
567 2461 602 2490 ι.
619 2461 714 2489 cum
732 2446 832 2488 Bav.
898 2444 1002 2488 Ibid.
1025 2440 1272 2500 ἐνεχείρισαν
1289 2446 1369 2492 τοῖς
1391 2441 1555 2498 Λίβυσι.
1592 2448 1705 2493 §ve-2

338 2516 532 2576 χάρησαν
549 2521 613 2561 ed.
635 2530 671 2560 2.
690 2519 820 2566 male,
852 2516 898 2561 &
917 2519 1058 2561 invitis
1076 2518 1243 2560 msstis:
1283 2524 1397 2559 certe
1415 2530 1562 2560 verum
1578 2517 1695 2562 dant.

337 2594 436 2635 Bav.
458 2593 569 2646 Aug.
590 2589 693 2645 Reg.
702 2589 755 2631 A.
764 2590 809 2631 B.
819 2587 867 2631 C.

426 2660 541 2717 Vers.
569 2674 630 2704 ιι.
656 2656 967 2715 συμβαινόντων.
1006 2653 1246 2714 συμβάντων
1267 2656 1429 2713 Reg.B.
1449 2656 1516 2700 sed
1536 2646 1579 2700 sn
1601 2663 1675 2702 ora

336 2729 408 2790 ’γρ’.
433 2728 754 2787 συμβαινόντων,
783 2731 828 2774 ὅτ
851 2731 906 2790 fic
938 2738 1037 2773 vett.
1061 2732 1154 2773 libri
1175 2743 1333 2773 omnes·
1389 2729 1496 2772 Ibid.
1518 2730 1674 2784 πολιορα

334 2807 417 2852 κᾶν
443 2803 802 2863 ἐνεχείρησαν.
848 2802 918 2848 Sic
937 2803 1094 2848 editum
1112 2801 1209 2845 inde
1225 2801 1351 2845 abed.
1372 2811 1413 2845 2.
1435 2814 1532 2844 cum
1553 2801 1675 2845 codd.

1470 2872 1676 2923 omnibuae,
