1742 3190
110 315 278 325 ...—

132 530 226 569 Vers.
248 541 281 570 2.

304 218 388 263 294
725 206 1218 265 Annei-Annuus

304 318 583 377 θεωρουμένου
612 321 784 362 notione
812 318 944 362 affiva
975 320 1123 369 habet3
1165 334 1260 362 nam
1287 320 1345 362 ibi
1373 321 1539 376 quidem
1560 310 1639 360 ‘ce-

306 399 492 434 terorum
506 408 510 415 ’
525 393 710 434 omnium
738 392 931 433 codicum
964 390 1179 433 consensus
1206 391 1434 446 refragatur
1452 390 1528 433 isti
1549 389 1642 431 scri-

307 471 455 519 pturae.

395 533 445 578 V
438 530 510 589 ers.
531 545 570 576 2.
598 532 711 575 ἐστὶ
739 528 804 586 noc.)
830 533 900 586 τῆς
922 531 1126 588 ἐμπειρίας
1145 531 1226 575 διο.
1282 529 1474 574 Correxit
1501 529 1642 574 casau-

309 604 459 648 bonus.
516 604 775 647 Praeferenda
807 612 945 646 autem
974 605 1115 658 utique
1154 604 1317 646 videtur
1348 603 1475 645 altera
1508 615 1644 643 emen-

312 677 435 717 dandi
451 674 580 724 ratio,
610 689 703 730 quae
729 687 939 717 musmo
961 675 1136 731 placuit,
1167 681 1236 724 ut,
1265 674 1444 716 tenendo
1473 673 1648 728 particu-

309 744 392 788 lam
413 745 510 793 ἔτι,
541 747 752 801 adjiciatur
775 744 827 787 δέ.
862 746 995 797 „Nam
1013 745 1113 788 illud
1125 745 1225 792 ἐστὶ,
1257 746 1329 795 ait,
1357 736 1469 800 quod
1485 737 1649 785 hic'sen-

312 818 443 859 tentia
452 817 640 872 postulat,
664 817 750 872 jam
759 818 931 860 habetur
944 818 1067 872 paulo
1091 825 1186 860 ante
1205 818 1247 858 in
1267 817 1349 859 illis
1370 811 1535 860 δυνατόν
1547 813 1648 862 ἐστι’,

313 889 424 945 quod
450 888 578 943 ipsum
598 889 666 930 hic
683 889 809 930 etiam
835 889 969 943 repeti
995 889 1119 930 tacite
1150 889 1293 938 debet,
1328 895 1377 930 ut
1400 884 1650 930 construffio

317 960 540 1001 verborum
567 959 617 1000 fit
645 961 695 1001 ad
722 960 831 1001 hunc
861 961 1053 1001 modum:
1091 961 1138 1001 ἐκ
1170 960 1238 1014 τῆς
1267 954 1450 1002 καθόλου
1475 955 1653 1013 ἐνεργίοις

317 1031 395 1071 τῶν
424 1025 571 1086 οἷνδρῶν
598 1026 763 1072 δυνατόν
792 1033 877 1072 ἐστι
911 1026 1047 1085 ἱκανήν
1075 1029 1226 1073 ἔννοιαν
1246 1031 1387 1084 λαβὲἱν
1411 1026 1475 1084 καὶ
1495 1029 1565 1084 τῆς
1585 1025 1651 1070 κῦ·

319 1102 398 1143 τῶν
416 1101 660 1154 φιλοτιμίας,
693 1101 752 1143 ἔτι
774 1102 814 1143 δὲ
832 1098 898 1157 καὶ
920 1103 987 1157 τῆς
1012 1101 1215 1157 ἐμπειρίας
1236 1097 1530 1158 καγδυνοέμεως,
1558 1095 1656 1155 arguit,-

319 1172 361 1214 δὲ
384 1169 534 1221 τούτοις
565 1169 632 1228 καὶ
657 1174 725 1229 τῆς
753 1164 971 1228 εὐψυχίας.
1029 1174 1102 1216 Ex
1127 1172 1310 1228 universa
1341 1185 1476 1216 eorum
1501 1178 1655 1214 conten-

318 1245 423 1286 tione
439 1247 527 1287 licet
533 1243 642 1300 satis
665 1246 756 1287 bene
776 1246 968 1302 aestimare
987 1252 1106 1301 atque
1125 1245 1362 1301 intelligere,
1397 1250 1592 1300 quantum
1613 1244 1657 1285 in

321 1315 412 1372 ipsis
428 1315 563 1371 fuerit
590 1316 724 1359 laudis
741 1317 944 1374 studium,
985 1323 1162 1373 quantus
1186 1314 1278 1372 usus
1297 1314 1348 1361 ἓξ
1363 1317 1514 1371 peritia
1535 1315 1657 1365 artis,

322 1395 478 1443 quanta
501 1388 664 1443 denique
687 1389 813 1429 animi
824 1388 1054 1430 excellentia
1073 1394 1193 1445 atque
1209 1386 1439 1431 nobilitas.“
1467 1409 1521 1420 -

408 1458 514 1501 Ibid.
545 1455 643 1500 οὕτω
673 1456 735 1501 δέ.
792 1460 908 1501 Ferri
942 1460 1086 1515 utique
1122 1459 1257 1516 potest
1287 1456 1522 1513 conjunfflo
1551 1456 1593 1499 δὲ
1617 1458 1661 1499 in

323 1529 511 1583 apodofi‚
550 1532 602 1573 de
633 1544 712 1586 qua
739 1530 896 1573 dixiad
916 1531 948 1572 Ι.
972 1541 1039 1581 20,
1061 1542 1103 1586 9.
1159 1530 1221 1574 At
1241 1531 1538 1588 placet‘tamen
1558 1522 1661 1574 οὕτω

326 1595 402 1655 δή,
432 1603 543 1656 quod
564 1603 660 1645 dant
678 1602 790 1656 Aug.
810 1601 855 1645 &
876 1602 1045 1657 Reg.A.

411 1672 517 1715 Ibid.
535 1673 626 1729 περὶ
648 1674 725 1715 τῶν
747 1674 814 1714 νῦν
836 1671 1060 1723 λεγομένων
1083 1673 1390 1728 στρατηγῶν.
1419 1695 1473 1708 ·-
1531 1672 1662 1725 „Qui-

324 1757 421 1786 nam
437 1744 528 1786 illi?
572 1746 686 1801 Lege
709 1745 940 1799 στρατῶν
961 1746 1027 1789 vel
1049 1740 1398 1799 orpoerevuoirwvf‘
1437 1757 1664 1788 Gnonov.

325 1815 370 1856 in
399 1816 523 1858 Notis
551 1817 706 1859 msstis.
734 1840 788 1851 -
848 1813 974 1858 Poffis
1004 1816 1048 1859 &
1076 1814 1442 1872 στρατοπέδων
1463 1815 1665 1871 suspicari,

316 1885 674 1941 ‘quemadmodum
706 1889 798 1929 vice
831 1889 942 1931 versa
962 1888 1016 1929 II.
1048 1899 1114 1941 27,
1135 1900 1172 1940 3.
1201 1902 1276 1944 pro
1299 1887 1530 1945 στρατηγῶν
1551 1887 1665 1943 Aug.

312 1947 521 2024 'mendose
544 1957 819 2014 στρατοπέδων
837 1960 971 2002 habet.
1014 1959 1334 2014 Imperatores,
1347 1972 1452 2014 quos
1475 1966 1568 2001 ante
1590 1973 1664 2001 no-

328 2029 559 2071 minaverat
580 2029 790 2086 Polybius,
816 2031 906 2073 sunt
922 2030 1104 2073 Amilcar
1121 2029 1166 2072 &
1182 2032 1226 2072 L.
1238 2031 1394 2073 Iunius.
1434 2030 1520 2072 Iam
1537 2029 1665 2073 Amil-

331 2114 402 2140 car
423 2101 588 2154 quidem
606 2115 682 2157 per
702 2102 842 2156 plures
855 2102 1076 2144 continuos
1097 2115 1226 2143 annos
1244 2102 1287 2142 in
1305 2102 1480 2157 imperio
1501 2100 1665 2150 manfit3

329 2170 449 2224 (vide
468 2171 503 2213 Ι.
526 2172 591 2226 56,
620 2185 682 2215 ιι.
703 2171 747 2215 &
770 2179 836 2226 58,
858 2185 896 2214 2.
915 2171 1021 2228 sqq.)
1044 2173 1112 2214 sed
1134 2174 1178 2214 L.
1198 2173 1316 2214 Iunio
1336 2171 1499 2215 Confflli
1521 2173 1667 2227 (quem

331 2249 498 2296 captum
526 2257 550 2284 a
581 2243 826 2285 Carthalone
857 2244 1039 2290 Zonaras
1071 2244 1183 2288 VIII.
1221 2254 1282 2297 15.
1313 2244 1473 2295 scribit,
1511 2243 1667 2286 cicero

331 2325 437 2354 vero
459 2314 509 2355 de
529 2314 625 2356 Nat.
647 2314 841 2356 Deor.11.
857 2327 894 2366 3.
915 2314 961 2357 δε
982 2314 1177 2358 Valerius
1197 2316 1306 2357 Max.
1329 2315 1361 2357 Ι.
1381 2325 1422 2369 4,
1447 2327 1484 2370 3.
1507 2316 1668 2358 damna-

332 2385 461 2426 tionis
490 2385 781 2442 ignominiam,
813 2387 924 2447 quod
953 2385 997 2428 &
1018 2385 1124 2442 ipse,
1152 2393 1199 2428 ut
1220 2387 1275 2429 M.
1296 2385 1513 2436 Claudius,
1544 2386 1669 2442 auspi*-

336 2456 401 2499 cia
421 2454 683 2514 neglexiffet,
712 2456 941 2500 voluntaria
962 2463 1096 2498 morte
1117 2457 1358 2512 praeveniffe
1380 2456 1670 2513 prodiderunt)

339 2527 445 2568 varii
475 2534 598 2582 atque
619 2528 722 2571 varii
743 2527 930 2571 consules
959 2528 1302 2583 imperatoresque
1327 2530 1487 2572 romani
1513 2530 1563 2570 ad
1589 2528 1672 2570 bel.

334 2597 423 2641 lum
441 2599 484 2640 in
502 2598 641 2640 Sicilia
661 2598 1014 2642 administrandum
1033 2599 1279 2642 successores
1300 2599 1402 2642 miffi
1417 2600 1529 2650 sunt,
1559 2600 1679 2655 quod,

335 2667 596 2711 disertissimis
618 2670 755 2711 verbis
777 2666 958 2710 Zonaras
981 2668 1023 2712 V
1026 2669 1095 2712 III.
1127 2669 1187 2713 16.
1209 2672 1348 2713 docet.
1407 2669 1491 2713 Nifi
1518 2672 1559 2712 in
1585 2671 1667 2712 hoc

271 2771 273 2773 -
336 2741 461 2782 etiam
491 2741 539 2782 ab
573 2741 662 2782 aliis
693 2737 928 2782 au&oribus
954 2739 1162 2782 disceffiffie
1194 2741 1413 2797 Polybium
1442 2744 1484 2784 in
1502 2743 1547 2785 L.
1563 2740 1671 2784 Iunii

336 2813 461 2859 rebus
478 2811 718 2864 statuamus»,
746 2818 794 2855 ut
815 2810 937 2856 Iunio
965 2825 1039 2869 per
1062 2814 1296 2870 complures
1318 2826 1448 2858 annos
1476 2826 1671 2871 proroga-

1583 2891 1671 2927 tum
