1742 3190
126 368 229 414 „Verf-
251 376 287 416 3.

322 236 408 272 122
746 235 1238 269 ADNOTATIO-st

405 340 471 384 De
490 338 694 383 duodecim
710 341 852 390 annis,
890 348 996 396 quos
1023 337 1181 395 duraffi’
1205 338 1596 387 Lacedaemoniorum
1621 338 1666 383 in

315 412 477 455 Graecia
497 413 708 466 imperium
725 412 789 453 vel
800 412 1074 467 principatum
1092 411 1228 452 scribit
1244 410 1465 465 Polybius,
1492 425 1581 454 non
1601 411 1664 452 vi-

314 487 438 528 detur
463 497 530 526 res
558 484 662 526 tanti
686 482 829 533 fuiffe,
867 489 916 525 ut
944 491 1028 525 tam
1060 483 1184 525 latam
1213 482 1527 537 disputationem
1547 480 1665 524 insti-

314 563 454 619 tueretv
471 554 745 598 casaubonus.
782 554 977 595 Praelium
995 554 1247 596 maritimum
1265 554 1315 595 ad
1330 553 1478 609 Aegos
1493 553 1665 603 flumen,

317 642 403 685 quo
432 625 614 670 vi&ores
641 626 949 667 Lacedaemonii
983 626 1241 667 dominatum
1272 622 1454 672 ,Graeoiae
1483 623 1666 678 suscepe-

315 706 426 750 runt,
455 700 498 740 in
517 711 669 740 annum
680 706 719 749 4.
739 696 909 752 Olymp.
924 709 1080 739 xcur.
1099 695 1235 752 posuit
1243 695 1454 739 Diodorus
1471 695 1540 738 lib.
1548 693 1667 737 XIII.

317 786 355 813 c.
381 780 455 824 105
478 769 532 824 sq.
599 768 795 810 Praelium
822 769 873 810 ad
906 766 1102 818 Cnidum,
1138 780 1221 822 quo
1245 765 1388 810 frastae
1414 766 1549 809 r'ursu's
1573 765 1675 820 sunt·

317 840 730 885 Lacedaemoniorum
749 852 872 894 opes,
902 837 947 882 δι
964 839 1136 882 liberata
1151 839 1200 880 ab
1217 852 1364 890 eorum
1374 838 1480 894 jugo
1497 834 1667 880 Graecia

316 913 400 963 est,
428 912 548 968 ponit
563 912 739 953 idem‘in
758 911 849 953 ann.
869 920 907 953 2.
935 910 1103 966 Olymp.
1129 922 1274 952 xcvn
1304 911 1491 964 adeoque
1519 909 1563 950 in
1588 920 1663 952 un-

318 985 530 1027 decimum
551 983 598 1025 ab
617 981 689 1023 illo
707 995 872 1024 annum.
930 982 1039 1024 Hinc
1065 979 1229 1024 fortaffe
1253 982 1422 1036 quidem
1439 979 1578 1036 paullo
1597 979 1665 1021 ad-

295 1058 298 1062 '
317 1056 502 1098 curatius
521 1055 722 1097 isocrates
738 1054 781 1094 in
798 1053 1100 1096 Panathenaico
1115 1052 1277 1103 dixerit,
1310 1046 1576 1107 Σπαρτιοέτοᾳ
1587 1048 1664 1105 ἔτη

79 1921 82 1924 ’
133 1912 232 1960 ‚vern
250 1923 287 1960 4.

139 2770 239 2814 ναΐ.
257 2779 290 2819 ς.

318 1128 420 1170 δέκα
439 1122 561 1178 μόλις
581 1113 883 1178 ἐπεστοῖτησαν
900 1122 982 1166 τῶν
1000 1120 1226 1185 Ἑλλήνων,
1249 1133 1328 1166 nec
1347 1130 1509 1173 tamen,
1534 1135 1664 1177 quum

321 1199 523 1253 Polybius
539 1193 658 1247 μόλις
677 1195 751 1251 ἔτη
773 1192 928 1238 δώδεκα
947 1197 1015 1246 ait,
1046 1185 1088 1236 id
1099 1196 1299 1237 continuo
1312 1195 1369 1237 ita
1387 1210 1411 1236 a
1430 1209 1532 1236 vero
1551 1193 1664 1236 ablu·-

321 1272 423 1314 dere
442 1269 577 1324 putari
597 1269 741 1318 debet,
770 1277 820 1310 ut
844 1266 1014 1309 molesta
1038 1267 1212 1322 quadam
1237 1265 1475 1322 difficilique
1501 1251 1663 1307 ratio'ne

321 1344 373 1385 ad
392 1342 634 1383 solvendum
658 1340 815 1381 nodum
838 1352 946 1394 opus
963 1337 1024 1380 fit.
1079 1337 1207 1387 Quod
1233 1337 1285 1380 ad
1304 1323 1503 1392 ¹Dionysii
1527 1334 1666 1377 Halic-

320 1414 450 1456 verba
467 1413 625 1454 adtinet
646 1411 714 1454 lib.
732 1410 766 1453 I.
786 1424 820 1453 e.
841 1421 880 1463 3.
909 1405 1228 1460 Λακεδαιμόνιοι
1244 1402 1336 1451 οὔτε
1354 1407 1456 1462 [five
1471 1404 1563 1450 ον’ὁὲ
1579 1419 1663 1448 ma·-

322 1483 472 1538 lucris]
494 1479 572 1527 ὅλοι
587 1483 662 1537 ἔτη
680 1478 908 1538 τριοέκοντοι
929 1476 1005 1536 τήν
1019 1475 1158 1536 οὲρχῆν
1175 1476 1485 1533 κατασχόντες,
1510 1479 1599 1531 (ubi
1610 1477 1663 1520 ad

321 1570 505 1613 pugnam
523 1555 648 1610 usque
668 1551 926 1597 Leu&rieam
953 1553 1021 1594 vel
1042 1554 1092 1594 ad
1110 1552 1433 1594 Mantineenfem
1451 1551 1664 1593 continua-

322 1636 415 1670 tum
444 1626 858 1671 Lacedaemoniorum
889 1625 1110 1679 imperium
1143 1622 1420 1679 intelligitur,)
1454 1636 1550 1665 cum
1588 1620 1665 1671 eis,

323 1714 419 1756 quae
439 1701 490 1740 ad
509 1699 731 1753 Polybium
755 1697 806 1738 de
834 1696 909 1738 isto
926 1694 1115 1750 Dionyfii
1145 1695 1305 1739 calculo
1333 1686 1495 1736 mo'nuit
1518 1691 1663 1737 casau-

321 1773 478 1820 bonus,
518 1769 767 1812 conferenda
793 1768 904 1819 sunt,
940 1780 1034 1823 quae
1061 1766 1184 1812 habet
1202 1765 1422 1812 Hudsonus
1451 1765 1502 1809 ad
1527 1763 1660 1819 ipsum

322 1841 584 1897 Dionysium.

374 1954 377 1955 γ
412 1913 462 1957 V
456 1911 528 1967 erfi
547 1926 585 1966 4.
614 1908 688 1967 τῆς
709 1913 996 1967 προειρημένης
1018 1905 1163 1965 χώρας
1180 1907 1375 1953 Reiskius
1395 1907 1572 1951 relatum
1589 1910 1665 1949 vo-'

322 1987 403 2031 luit
421 1986 472 2028 ad
490 1980 566 2039 τήν
588 1987 849 2038 οἰκουμένην,
875 1996 968 2038 quae
988 1982 1173 2037 superius
1193 1994 1281 2035 cap.
1306 1993 1341 2024 1.
1365 1980 1468 2022 vers.
1492 1990 1529 2033 5.
1548 1980 1665 2022 com*-⁴

322 2064 554 2103 memorata
573 2056 642 2098 est.
702 2055 784 2099 Sed
801 2048 933 2099 m'ulto
950 2053 1042 2095 sane
1060 2052 1320 2096 commodius
1338 2058 1424 2094 tam
1439 2051 1491 2094 ad
1506 2050 1665 2092 seneen·

321 2131 444 2180 tiam,
471 2139 605 2184 {quam
635 2128 684 2168 ad
708 2127 1130 2170 connexionem‘cum
1146 2125 1222 2175 iis,
1256 2137 1349 2178 quae
1375 2123 1575 2166 continuo
1603 2120 1664 2163 se-

322 2208 508 2259 quuntur
528 2201 579 2242 de
597 2199 706 2240 Afiae
728 2199 915 2253 imperio,
942 2195 1202 2239 Casaubonus
1221 2195 1362 2237 retulit
1380 2194 1430 2235 ad
1439 2193 1665 2248 Europam,

322 2286 451 2328 quam
467 2271 892 2314 modonominaverat
909 2269 1122 2323 Polybius.
1172 2266 1239 2310 Ac
1258 2266 1350 2307 sane
1369 2264 1665 2309 istudverbum

319 2342 356 2390 «i
375 2358 409 2385 π
418 2359 442 2403 ρ
455 2359 474 2386 ο
484 2358 505 2384 ε
517 2359 528 2384 ι
538 2359 562 2399 ρ
573 2358 596 2396 η
608 2358 639 2393 μ
650 2346 671 2382 ε’
680 2358 699 2382 ν
710 2357 729 2382 ο
741 2357 758 2388 ς
767 2370 781 2391 ,
814 2353 897 2395 quo
917 2340 1018 2380 nihil
1035 2337 1291 2393 frequentius
1306 2337 1412 2391 apud
1423 2336 1667 2391 scriptorem

323 2417 438 2459 hunc
464 2415 667 2463 occurrit,
698 2414 765 2457 vix
784 2425 980 2466 umquam
999 2411 1049 2452 ad
1074 2409 1248 2463 aliquid,
1275 2407 1385 2462 quod
1402 2408 1535 2450 multo
1554 2415 1666 2460 ante,

323 2486 488 2542 semper
506 2487 593 2527 fere
612 2485 662 2526 ad
682 2485 736 2534 id,
767 2484 879 2538 quod
895 2482 1082 2538 proxime
1098 2485 1447 2522 commemoratum
1467 2479 1536 2530 est,
1560 2479 1665 2522 rela-

322 2564 418 2602 tum
444 2559 646 2600 videmus.
674 2554 819 2597 videl.
838 2559 877 2605 8,
902 2567 919 2596 1
946 2554 999 2608 sq.
1017 2564 1058 2607 9,
1080 2564 1118 2605 3.
1143 2564 1204 2601 ιι,
1224 2557 1265 2602 3.
1286 2549 1368 2594 &c.
1426 2549 1561 2599 Quam
1592 2551 1666 2593 ob.

325 2629 602 2674 servationem
620 2626 692 2668 nisi
709 2634 923 2670 teneamus
934 2652 947 2677 ,-
982 2625 1088 2680 saepe
1106 2638 1129 2666 a
1145 2622 1342 2665 sententia
1364 2619 1543 2664 auetoris
1561 2622 1667 2666 mul-

323 2707 417 2746 tum
440 2700 778 2742 aberraverimuS.

417 2771 466 2823 V
461 2769 532 2826 ers:
561 2780 598 2823 5.
629 2771 909 2825 προσέλαβον.
949 2768 1187 2823 προέλαβον
1218 2764 1411 2808 mendose
1435 2765 1532 2808 edit.
1551 2777 1591 2808 »1.
1625 2766 1665 2808 ι’

329 2842 376 2889 δί
406 2844 498 2887 cod.
529 2844 632 2897 ch.
656 2841 703 2888 C.
756 2839 864 2886 Ibid.
884 2836 1023 2894 οἷκμήν
1043 2836 1264 2882 οἶπέλιπον.
1295 2835 1501 2879 οἱπέλιπον
1526 2831 1666 2891 οἷκμῆν

1570 2909 1667 2949 Bav.
