1742 3190
129 340 223 382 Vers.
244 342 276 377 6.

123 603 220 644 vers.
239 614 272 651 7.

118 1531 213 1570 vers.
231 1538 262 1571 8.

310 207 395 260 298
725 212 1218 246 *uxorin-lonas

393 316 442 361 V
435 314 507 373 ers}
517 314 557 365 6.
575 310 767 372 πρότερον
783 311 859 371 γοέρ
876 311 1045 363 ἐκείνους
1064 312 1245 372 &Arimin
1263 318 1533 375 ἐπικρκτῆσοᾳ.
1563 312 1642 374 orpo'

309 390 402 439 τοῦ,
432 389 528 430 loco
543 383 757 445 πρότερον,
790 388 921 430 voluit
938 386 1123 431 Vrfinus.
1171 389 1220 430 In
1241 390 1454 445 vulgatum
1473 389 1642 432 consen·

309 462 420 505 tiunt
436 461 543 503 libri.
598 459 703 501 Ibid.
737 453 801 500 δύο
830 446 901 514 ἕνη
930 454 1064 501 πάλιν.
1123 459 1202 501 Per
1230 461 1452 504 triennium
1474 461 1560 516 jam
1590 461 1642 504 ad

308 533 556 576 panormum
572 530 783 573 haeserant.
812 531 906 572 vide
927 544 1016 585 cap.
1039 529 1103 584 56,
1129 543 1145 573 ι
1159 543 1192 574 1.
1210 529 1256 574 δι
1272 531 1381 580 conf.
1401 543 1468 587 59,
1493 544 1526 575 ι.

395 604 443 648 V
437 601 510 659 ers.
528 615 568 657 7.
601 595 862 658 παραπλήσιοι
898 603 979 649 roi}
1017 602 1316 656 ψυχομαχοῧσι
1355 603 1434 644 τῶν
1471 598 1640 653 εὐγενῶν

309 672 489 732 ὀρνίθων.
547 675 611 716 De
641 674 845 729 gallorum
871 673 1193 728 gallinaceorum
1220 669 1510 724 certamini-bus
1543 675 1640 716 vide

307 748 471 791 Aeliani
481 746 578 791 Var.
589 745 830 796 Hist.11.28.
851 743 894 787 &
910 743 1099 787 au&ores
1120 758 1226 801 quos
1247 747 1296 787 ad
1316 745 1538 788 Aelianum
1555 745 1642 788 lau-

304 821 508 862 daverunt
532 819 791 872 interpretes.
847 815 939 857 Nec
975 817 1136 872 pigebit
1166 816 1308 873 legiffe
1339 817 1451 872 quod
1477 817 1530 859 de
1563 816 1639 860 isto

304 904 421 933 more
448 890 650 931 Lucianus
681 887 805 929 habet
829 887 873 927 in
897 887 1115 931 Anacharss
1135 894 1221 944 cap.
1244 901 1311 943 37.
1331 897 1337 903 ·
1366 888 1489 933 Hunc
1508 887 1641 944 ipsum

303 968 442 1002 autem
460 960 624 1014 Polybii
645 959 787 1000 locum
815 958 858 999 in
886 965 1026 1001 mente
1059 959 1238 1002 habuisse
1263 961 1424 1004 videtur
1455 959 1572 1002 Philo
1586 959 1639 1003 'in

301 1032 407 1074 libro
423 1030 549 1081 Quod
567 1031 701 1073 omnis
723 1028 878 1070 Probus
895 1028 1011 1080 liber,
1040 1043 1080 1085 p.
1095 1034 1190 1084 885.
1214 1032 1319 1074 edit.
1331 1031 1494 1073 Francf.
1511 1029 1639 1086 1691.

303 1117 420 1153 cum,
456 1103 518 1144 Of
538 1101 631 1151 γοῦν
658 1094 942 1155 ἀλεκτρυόνες,
975 1101 1054 1151 ait,
1087 1093 1207 1150 οὕτως
1226 1097 1391 1145 εἰώθασι
1414 1097 1638 1155 φιλοκινδύ-

301 1190 374 1222 νως
397 1169 663 1230 ἄγωνίζεοθοη,
695 1169 798 1214 ὥστε
825 1169 924 1227 ὑπὲρ
948 1172 1019 1213 τοῦ
1046 1169 1102 1228 μή
1125 1164 1224 1228 ἆξαι
1245 1169 1311 1229 καὶ
1330 1174 1637 1230 παραχωρῆσοᾳ,

300 1239 375 1302 κξὶν
392 1243 579 1302 ἦτ7ὤντοᾳ
597 1245 683 1292 τεῖἱς
701 1238 932 1295 δυνάμεσιν,
970 1240 1050 1297 οὐχ
1075 1241 1262 1301 ἦτ’]ιῧντα]
1281 1246 1368 1294 ταῖς
1388 1243 1637 1297 adremmo-

302 1311 402 1373 ἄχρι
423 1314 499 1373 vaip
520 1312 703 1359 θανάτου
730 1313 1035 1370 παραμένουσιν.
1093 1315 1333 1371 Ibidemque
1360 1316 1492 1372 gallos
1521 1317 1635 1372 galli-

299 1402 453 1431 naceos
474 1389 567 1444 plus
587 1388 711 1429 semel
729 1382 818 1433 τους
833 1379 998 1441 ἕρνιθας
1009 1392 1152 1430 v.ocat
1188 1387 1370 1431 Philonis
1388 1387 1515 1431 verba
1532 1386 1636 1431 Gro-

296 1461 448 1502 novius
467 1461 518 1501 ad
535 1473 650 1501 oram
667 1459 725 1500 sui
743 1458 837 1499 libri
855 1445 1125 1511 adscripscrat.

383 1527 497 1584 Vevs.
516 1536 559 1582 8.
586 1526 704 1571 οἷπολ
695 1523 886 1576 ,υλεκότες
917 1523 989 1575 τοὶς
1019 1526 1242 1584 πτέρυγας,
1278 1530 1496 1587 postquam.
1523 1527 1636 1586 usum

294 1602 457 1644 alarum
486 1599 715 1652 amiserunt.
779 1601 824 1643 Is.
854 1600 1136 1645 casaubonus:
1183 1602 1262 1644 alis
1290 1602 1480 1649 multati3
1519 1601 1565 1646 &
1591 1603 1635 1644 in

297 1675 486 1715 eamdem
502 1674 744 1715 sententiam
761 1673 955 1716 Reiskius
965 1670 978 1724 ,’
1003 1674 1148 1732 αηιξθῐε
1160 1675 1312 1729 plumis
1330 1674 1503 1717 alarum.
1544 1675 1634 1716 Mo-

293 1745 387 1787 nuit
414 1758 515 1785 vero
533 1745 583 1785 ad
602 1744 644 1785 h.
661 1744 688 1784 l.
709 1757 878 1786 meme.
900 1757 1257 1788 cAsAvnost:
1312 1744 1446 1797 „Cum
1469 1740 1514 1788 τὸ
1536 1758 1631 1788 πτε-

292 1816 386 1873 ροῦν
404 1814 449 1858 &
471 1811 717 1871 οἷνοιπτεροῧν
736 1815 849 1867 (alas
868 1814 1037 1869 addere)
1067 1817 1238 1872 vulgare
1260 1816 1309 1861 fit
1325 1818 1432 1872 apud
1454 1812 1630 1860 Graecos

292 1887 370 1943 pro
397 1888 554 1928 animos
581 1885 750 1938 addere,
780 1886 996 1940 instigare,
1031 1888 1227 1939 verbum3
1267 1889 1379 1944 quod
1403 1888 1498 1931 inde
1526 1889 1629 1931 sum-

290 1963 383 2000 tum
400 1959 554 2008 dicunt,
582 1959 695 2013 quod
712 1952 1005 2014 πτερύσσειθοᾳ,
1025 1958 1109 2000 five
1120 1959 1247 2003 latera
1263 1959 1331 2002 sua
1349 1960 1423 2002 alis
1443 1959 1628 2016 expansis
1651 2000 1660 2006 ,

291 2029 511 2071 verberare
535 2029 665 2071 solent
685 2042 784 2072 aves
806 2029 892 2073 istae
915 2038 1008 2072 ante
1027 2045 1234 2086 pugnam;
1263 2029 1473 2086 possumus
1503 2033 1629 2075 etiam

290 2095 340 2141 τὸ
357 2096 656 2154 ἀπολωλεκέναι
677 2095 751 2147 τοὶς
770 2098 970 2158 πτέρυγας
995 2109 1042 2144 ut
1062 2102 1373 2157 proverbialiter
1393 2101 1548 2145 dierum
1562 2117 1628 2146 ac-

292 2172 455 2227 cipere,
485 2179 531 2215 ut
549 2173 639 2213 alas
648 2169 752 2227 suas
771 2172 831 2216 illi
846 2173 1032 2215 dicantur
1044 2171 1226 2230 amzstffe,
1254 2175 1323 2229 qui
1346 2174 1530 2229 praefidia
1547 2175 1628 2226 sua,

289 2244 440 2299 quibus
463 2250 584 2285 antea
601 2242 685 2284 five
708 2244 758 2285 ad
778 2257 972 2298 pugnam,
1001 2243 1084 2286 five
1105 2245 1224 2286 aliam
1244 2247 1432 2299 quamvis
1449 2260 1539 2289 rem
1555 2260 1626 2301 ag-

290 2314 574 2368 grediendam,
599 2306 846 2364 nitebantur,
877 2315 1133 2370 amiserunt.“
1161 2338 1214 2349 -
1269 2321 1558 2359 Gnosovffivs
1580 2318 1624 2360 in

286 2385 413 2427 Notis
443 2386 609 2426 msstis:
667 2381 1017 2434 ,,Ἀπολωλεκὸτες
1036 2382 1108 2434 τοὶς
1129 2384 1329 2443 πτέρυγας
1348 2401 1474 2443 quum
1495 2389 1622 2439 dicit;

229 2450 232 2452 ³
286 2456 440 2499 addens
462 2452 524 2497 διαὶ
545 2451 616 2512 τήν
639 2452 882 2509 ἀδυναμίαν,
923 2458 1098 2500 ostendit
1116 2459 1209 2501 satis
1229 2459 1325 2513 quid
1345 2460 1456 2501 velit.
1511 2460 1620 2502 Nam

287 2527 380 2568 haec
400 2527 562 2570 alarum
582 2528 727 2586 amiffio
749 2529 806 2570 est
823 2530 905 2584 ipsa
922 2526 1119 2581 ἀδυναμίαι
1137 2528 1182 2572 &
1203 2530 1404 2581 debilitas,
1433 2523 1531 2576 ’όταν
1553 2527 1619 2572 αὗ-

285 2600 366 2645 τοῒς
392 2594 532 2651 κάμνω
563 2595 608 2640 τὸ
635 2596 804 2654 πτερὸν,
844 2610 891 2642 ut
917 2601 1100 2656 loquitur
1129 2602 1329 2644 Aelianus
1353 2601 1448 2646 Var.
1467 2602 1568 2646 Hist.
1584 2601 1619 2644 I.

288 2682 355 2722 14.
399 2671 462 2713 Ex
483 2672 726 2726 impotentia
747 2671 963 2714 amiserunt
981 2673 1132 2715 alarum
1152 2675 1287 2725 usum,
1321 2688 1414 2729 quae
1431 2674 1538 2729 ipsos
1559 2674 1617 2715 so-

281 2741 370 2785 lent
396 2743 577 2793 elevare,
609 2750 655 2786 ut
673 2741 726 2784 fic
746 2757 771 2785 a
790 2742 1063 2798 superioribus
1092 2746 1272 2800 partibus
1299 2746 1449 2795 rostro,
1487 2746 1534 2787 ab
1559 2745 1614 2787 l-a-

282 2820 372 2855 tere
395 2821 569 2869 utroque
590 2814 814 2857 calcaribus
842 2814 1054 2869 configant
1084 2823 1208 2871 caput
1225 2817 1364 2860 hostis,
1422 2817 1490 2859 Sic
1511 2817 1615 2859 Lati-

911 2890 918 2901 ⁸
1556 2889 1619 2927 nis:
