1664 3210
561 252 1092 305 EDITORIS.
1439 273 1526 307 xxx

139 401 240 436 eare
258 387 304 434 ἀ
324 382 479 434 elicere
497 382 870 452 explanationem,
900 380 1032 450 quam
1058 377 1336 447 supercilioso
1360 380 1529 432 filentio

55 453 83 497 ss
133 453 402 506 ,diffimulare
437 454 525 503 loci
554 452 865 503 difficultatem.
944 457 994 500 In
1032 454 1201 501 Rerum
1233 451 1528 511 illustratione,

138 524 230 575 five
249 522 304 572 ad
321 524 582 582 Historiam,
616 522 703 572 five
731 521 783 570 ad
813 524 1164 589 Geographiam,
1198 517 1251 568 ad
1279 523 1530 570 Chronolo·

135 597 275 662 giam,
295 592 350 642 ad
367 593 469 642 alias
492 608 602 641 artes
613 596 939 660 pertinentium,
968 589 1118 639 sedulo
1135 595 1326 638 cavimus
1349 593 1528 657 prolixi·

130 679 299 722 «tatem3
330 661 498 712 necniss
510 660 659 711 eafere
679 659 923 730 attingenda
936 658 1155 718 duximus,
1187 677 1280 726 quae
1291 660 1423 707 velad
1437 665 1530 709 vin-

100 762 105 769 *
138 730 369 783 dicandam
397 736 486 796 ejus
504 729 745 799 scripturae,
778 750 910 800 quam
928 734 975 779 in
993 734 1210 780 Contextu
1231 730 1528 796 expreffimus,

139 807 381 859 veritatem,
397 814 481 853 ,aut
499 800 552 849 ad
572 802 734 851 claram
753 807 982 851 notionem
1000 796 1326 848 informandam
1338 805 1426 862 ejus
1447 805 1527 858 rei,

131 871 201 922 de
310 875 473 942 agitur,
502 885 574 920 aut
593 869 647 920 ad
665 868 1012 939 perspiciendum
1033 870 1216 921 historiae
1237 887 1401 917 nexum
1414 907 1427 928 ,
1456 888 1529 918 ne.

136 889 316 993 &gilio
334 945 575 1009 pertinere,
610 959 691 990 nec
718 956 864 991 tamen
891 944 1024 988 cuivis
1055 945 1099 988 in
1120 953 1298 1007 promtu
1317 937 1426 999 effe,
1463 943 1527 988 vi-

137 1011 366 1063 debentur.

171 1116 192 1122 ι,
223 1085 284 1131 ln
309 1083 432 1130 omni
462 1097 621 1148 genere
648 1076 994 1128 Adnotationum
1022 1081 1195 1146 copiam
1220 1077 1340 1127 illam
1367 1074 1527 1126 dodlri-

133 1169 205 1199 nae
225 1154 271 1200 ἀ
292 1154 479 1218 ingenii,
524 1168 617 1217 quae
649 1163 745 1198 ante
774 1167 856 1198 nos
884 1170 906 1197 a
932 1154 1046 1199 Viris
1076 1146 1239 1207 dostis,
1274 1145 1414 1196 Isaaco
1445 1151 1528 1196 Ca-

136 1218 356 1277 fiubono,
388 1224 466 1268 lac.
501 1223 758 1277 Gronovio,
794 1213 1003 1277 Reiskio.‚
1044 1216 1244 1284 aliisque,
1284 1219 1328 1265 in
1358 1217 1530 1278 polybii

136 1286 465 1340 illustrationem
494 1290 648 1338 collata
669 1289 752 1347 est,
785 1293 830 1337 in
854 1287 989 1337 usum·
1003 1290 1240 1337 Leclorum
1260 1287 1429 1348 Polybii
1449 1303 1529 1335 no·

138 1360 212 1409 stri
231 1364 288 1409 ita
309 1373 563 1408 convertere
584 1357 837 1417 studuimus,
863 1374 926 1417 ut,
962 1375 1247 1426 quaecumque
1267 1357 1318 1404 ab
1335 1357 1415 1405 illis
1428 1374 1530 1424 pro-

139 1427 306 1498 pofita,
339 1430 408 1478 vel
433 1427 641 1496 disputata
662 1426 784 1486 sunt,
828 1426 881 1476 ad
901 1446 999 1477 eam
1023 1434 1236 1477 rationem
1258 1432 1530 1495 pertinentia,

171 1516 275 1549 uam
312 1496 488 1566 quidem
526 1503 570 1547 in
608 1498 755 1547 nostro
801 1502 886 1547 hoc
924 1503 1258 1547 Commentario
1296 1497 1529 1547 tenendam

138 1517 360 1627 Euxinum,
386 1587 450 1627 ea,
472 1567 503 1616 fi
524 1569 667 1616 brevia
686 1565 833 1626 essent,
853 1567 951 1635 ipsis
974 1574 1165 1618 maxime
1184 1571 1414 1617 aucfflorum
1436 1587 1530 1616 ver-

140 1639 221 1696 bis,
251 1637 285 1687 fi
308 1639 522 1705 longiora,
545 1656 623 1705 per
633 1636 944 1704 compendium
959 1636 1242 1687 insereremus
1253 1635 1367 1686 hisce
1377 1639 1530 1686 nostris

140 1700 518 1767 Adnohtionibusf
546 1711 716 1756 honore
735 1705 904 1775 semper
921 1709 1064 1756 habito
1087 1707 1330 1757 auctoribus
1352 1706 1531 1756 suorum

139 1783 208 1826 eui
241 1796 295 1827 ue
318 1782 611 1826 inventorum.
683 1780 838 1844 Neque
866 1795 971 1825 vero
1002 1775 1166 1827 necess'e
1188 1779 1271 1835 est,
1308 1791 1355 1824 ut
1386 1795 1530 1825 recen-

138 1796 281 1896 sendis
310 1844 583 1914 superiorum
613 1850 1027 1896 Commentatorum
1054 1849 1416 1896 lucubrationibus
1447 1850 1533 1894 hoc

140 1918 244 1966 loeo
262 1934 490 1965 moremur
511 1918 756 1965 Lestorem.
826 1920 893 1965 De
914 1921 1116 1966 inchoato
1136 1918 1276 1981 Iflzaci
1298 1918 1533 1978 Cajhubom'

144 1987 453 2036 Commentario
476 1990 521 2035 in
549 1989 775 2051 Polybium
806 1986 1120 2052 prolixislimo‚
1162 1992 1233 2052 qui
1264 2001 1408 2034 tamen
1438 2004 1532 2034 non

141 2055 254 2103 ultra
274 2054 526 2103 vicesimum
547 2071 671 2121 caput
688 2060 816 2121 primi
839 2056 951 2103 Libri
975 2053 1219 2122 progressus
1239 2056 1313 2112 est,
1342 2053 1530 2103 diximus

141 2127 188 2173 in
200 2122 518 2173 Praefat.Tom.
533 2129 564 2173 1.
585 2144 628 2190 p.
643 2144 690 2173 χι
703 2121 762 2191 sq.
813 2127 880 2172 De
902 2124 1091 2186 ejusdem
1112 2128 1371 2174 brevioribus
1386 2126 1531 2183 Notis,

142 2198 276 2242 critici
307 2198 498 2241 maxime
525 2198 722 2259 generis,
755 2211 849 2260 quae
871 2199 1156 2256 oroeexempn
1172 2198 1391 2243 Editionis
1414 2193 1531 2260 Βιψ-

141 2264 283 2331 leensts
300 2261 509 2330 inscripta:
529 2277 673 2320 erant,
705 2281 889 2329 quarum
913 2280 1105 2331 partem,
1136 2283 1159 2312 a
1178 2266 1352 2312 Merico
1374 2260 1530 2311 Casan-

141 2331 276 2388 bono,
299 2329 422 2380 lsaaci
445 2334 536 2381 filio
558 2329 813 2398 descriptam
824 2335 1074 2381 Gronovius
1094 2333 1317 2394 inPolybii
1339 2334 1529 2380 editione

140 2405 258 2467 typis
280 2398 600 2449 exscribendam
622 2405 799 2459 curavit,
826 2407 1038 2464 majorem
1057 2421 1161 2451 vero
1181 2418 1364 2469 partem,
1396 2399 1530 2449 inedi-

140 2482 231 2518 tam
258 2468 421 2526 adhuc,
463 2473 678 2518 Gronovii
710 2489 841 2519 manu
871 2469 1153 2538 descriptam,
1190 2490 1274 2520 una
1302 2489 1402 2524 cum
1435 2472 1530 2518 reli-

140 2555 231 2604 quo
271 2537 488 2606 Adparatu
523 2542 811 2588 Gronoviano
839 2538 890 2587 ad
924 2542 1156 2601 Polybium
1189 2559 1241 2589 ex
1269 2542 1530 2590 Bibliotheca

139 2606 433 2656 Vniverfitatis
466 2607 678 2657 Leidenfis
710 2606 934 2656 nobiscum
961 2614 1299 2658 communicavit
1320 2610 1527 2659 mex-itim-

141 2692 239 2724 mus
266 2677 537 2726 Bibliothecae
558 2679 668 2725 illius
692 2675 919 2727 Praefedus
942 2682 1250 2737 Ruhnkeuius‚
1291 2679 1387 2728 vide
1413 2697 1527 2726 cam-

140 2742 245 2793 dem
280 2745 444 2794 Praefat.
476 2765 518 2812 p.
551 2765 827 2797 xxu-xxiv.
905 2751 1044 2796 Iamba·
1070 2751 1279 2798 Gronovii
1308 2750 1397 2797 aliae
1431 2746 1527 2796 sunt

141 2816 270 2878 Nota
287 2819 334 2866 in
354 2815 585 2878 Polybium
598 2854 611 2875 .,
638 2821 725 2877 jam
742 2816 854 2864 olim
873 2816 924 2862 ab
939 2815 1031 2884 ipso
1050 2836 1151 2868 cum
1173 2818 1356 2882 Polybio
1378 2817 1526 2875 editae3

830 2884 855 2930 b
895 2899 920 2931 2
1436 2887 1527 2934 aliae
