1742 3190
319 229 407 275 340
737 228 1242 260 Annorarlowsss

123 299 304 395 ᾖ
413 327 528 387 Vers.
547 335 589 383 8.
615 325 785 377 πολλοὺς
816 325 851 370 δ’
877 332 922 371 ἐν
948 330 1031 376 vok
1063 327 1300 385 ὅλοσχερέσι
1331 326 1529 378 κινδύνοις.
1585 330 1668 380 Sic,

329 404 478 459 absque
499 400 570 452 ὥς,
611 402 707 443 dant
725 401 820 445 Vat.
836 401 946 442 Flor.
977 399 1022 443 δι
1049 401 1148 444 Bav.
1169 401 1214 444 &
1235 402 1332 444 hinc
1349 403 1417 446 ed:
1437 414 1473 445 1.
1501 400 1546 444 ὅ(
1566 402 1670 456 Reg.

330 475 379 519 Β.
389 474 453 519 C.
493 472 755 528 Quamquam
772 484 872 515 vero
890 485 975 512 non
997 471 1091 514 satis
1120 473 1311 527 equidem
1339 474 1521 524 videam,
1558 485 1672 527 quae·

330 561 424 590 nam
442 544 692 602 potiffimum
714 543 779 585 vis
797 541 848 584 fit
867 542 1084 597 particulae
1104 540 1175 591 ὥς,
1206 556 1329 598 quam
1348 544 1477 598 vulgo
1493 543 1668 586 inserue-

330 625 429 662 runt
451 630 547 660 cum
566 617 678 670 Aug.
699 613 742 656 &
762 614 867 668 Reg.
878 613 933 655 A.
958 621 1096 656 tamen
1124 627 1177 656 ne
1204 613 1259 656 fic
1289 615 1481 670 quidem,
1517 613 1672 670 abjtha

330 682 423 740 illa',
451 686 694 732 difficultate
723 685 887 740 prorsus
918 692 1060 727 carent
1077 700 1147 735 ea,
1176 698 1269 741 quae
1290 685 1533 741 sequuntur:
1562 699 1671 736 nam,

330 761 444 818 quod
473 761 529 801 ai‘t
554 753 645 804 τοὺς
674 756 750 809 μὲν
773 752 825 803 εἰς
847 753 1006 812 ἐνέδραις
1025 755 1111 799 &c.
1138 770 1224 800 non
1249 765 1336 799 tam
1359 759 1409 799 ad
1439 755 1670 813 ὅλοσχερὲὶς

329 826 548 879 κινδύνους,
577 830 619 871 id
640 829 698 871 est
706 859 719 880 ‚
748 829 798 869 ad
816 826 977 882 majora
991 829 1160 883 praelia,
1189 828 1334 885 quibus
1359 828 1407 871 de
1425 826 1589 884 summa
1609 841 1672 870 re-

329 917 424 947 rum
444 902 608 957 agitur,
637 899 846 955 pertinere
873 892 1058 952 videtur,
1098 913 1220 955 quam
1251 903 1301 943 ad
1329 902 1488 943 minora
1509 900 1670 955 praelia,

330 976 382 1018 ad
399 970 471 1021 τοὶς
492 967 598 1015 notro?
618 969 735 1027 μέρος
754 965 918 1026 χρείας,
949 972 1001 1013 de
1018 972 1166 1027 quibus
1185 972 1286 1014 vers.
1303 974 1484 1028 praeced.
1505 973 1619 1015 dixit.

414 1045 521 1089 Ibid.
543 1040 641 1096 μεθ’
655 1041 805 1098 ἡμέραν
831 1039 945 1084 reete
975 1043 1104 1085 edidit
1122 1042 1286 1086 Casaub.
1315 1058 1366 1085 ex
1385 1045 1488 1100 Reg.
1501 1045 1546 1086 Β.
1557 1043 1602 1087 C.
1621 1043 1667 1086 δε

328 1115 383 1160 fic
398 1115 495 1161 Vat.
513 1117 622 1158 Flor.
642 1114 686 1158 &
706 1115 799 1156 cod.
816 1112 962 1157 Vrfini.
1000 1115 1194 1156 Mendose
1213 1111 1314 1158 καθ’
1330 1113 1480 1172 ἡμέραν
1499 1118 1561 1158 ed.
1579 1128 1614 1157 ι.
1627 1126 1666 1157 2.

331 1188 429 1231 cut‘n
448 1188 548 1229 Bav.
564 1187 677 1242 Aug.
695 1184 865 1241 Reg.A.
921 1183 1028 1227 Ibid.
1053 1184 1289 1240 παρέβαλε
1315 1187 1462 1230 adscivi
1486 1187 1665 1229 exFlor.

329 1261 387 1304 Et
417 1258 631 1301 defiderari
657 1259 802 1312 utique
831 1257 1091 1312 praeteritum
1123 1258 1410 1313 imperfefmm
1441 1259 1667 1308 videbatur,

331 1345 416 1387 quo
440 1329 484 1372 &
501 1331 598 1372 alifis
618 1330 860 1385 plerumque
882 1328 926 1369 in
945 1329 1179 1370 narratione
1207 1331 1337 1372 utitur
1362 1330 1585 1386 Polybius,
1621 1328 1666 1372 &
1703 1372 1705 1375 .

332 1404 445 1458 quod
462 1403 504 1444 in
522 1416 567 1443 re
590 1401 836 1456 praesertim,
863 1412 957 1454 quae
974 1399 1122 1454 saepius
1141 1399 1246 1443 fausta
1263 1402 1432 1453 dicitur,
1459 1400 1684 1457 proprian&

328 1475 467 1518 sedem
496 1474 632 1516 habet.
687 1472 743 1514 Et
761 1471 842 1512 hoc
864 1470 950 1525 ipso
970 1470 1068 1512 loco
1096 1473 1250 1527 pariter
1277 1474 1436 1516 dixerat
1462 1467 1592 1530 οἷνῄρὲι
1620 1470 1666 1514 &

329 1542 583 1601 ἐξέπλητΊεν,

101 1616 197 1659 vers.
215 1619 319 1667 9sqq.
415 1618 464 1661 V
458 1615 531 1672 ers.
550 1628 591 1673 9.
619 1613 846 1671 ἀποδρᾶναί.
880 1608 1097 1670 οἷποδροένα]
1111 1614 1223 1672 Aug.
1243 1614 1411 1671 Reg.A.
1467 1614 1575 1657 Ibid.
1595 1613 1666 1655 τοῦ

327 1690 457 1742 λιμοῦ.
496 1689 566 1743 τῆς
589 1688 706 1740 λιμοῦ
727 1686 830 1731 Vrb.
851 1687 945 1733 Vat.
1002 1689 1070 1731 Sic
1092 1688 1136 1731 &
1156 1689 1268 1743 Aug.
1288 1686 1333 1730 &
1350 1688 1453 1742 Reg.
1463 1686 1515 1728 A.
1538 1686 1605 1727 sed
1622 1686 1665 1727 in

326 1763 393 1804 his
411 1762 602 1816 superscr.
621 1760 702 1801 τοῦ.
763 1759 812 1802 V
806 1757 878 1814 ers:
895 1771 958 1802 11.
982 1757 1182 1814 ὑπαρχο
1197 1754 1322 1813 ύσης
1338 1759 1477 1813 recepi
1498 1772 1548 1799 ex
1567 1755 1664 1801 Vat.

260 1832 262 1834 ’
327 1833 439 1876 Flor.
455 1832 569 1887 Aug.
586 1831 751 1886 Reg.A.
791 1830 935 1886 Vulgo
954 1846 972 1872 ο
986 1825 1073 1886 ἴση
1086 1848 1104 1879 ς
1125 1833 1215 1874 edd.
1235 1845 1286 1872 ex
1308 1830 1402 1872 Bav.
1461 1828 1508 1872 V
1503 1826 1576 1883 ers.
1600 1838 1664 1870 12.

326 1905 418 1951 τσῑὶς
436 1906 483 1946 ἐκ
503 1903 574 1945 τοῦ
594 1901 634 1945 T
636 1917 693 1943 vv.
752 1901 904 1944 Carent
929 1903 1017 1950 ταῖς
1037 1905 1104 1945 ed.
1128 1916 1164 1946 ι.
1185 1914 1222 1945 2.
1246 1902 1342 1943 Bav.
1361 1900 1474 1956 Aug.
1495 1899 1600 1956 Reg.
1612 1899 1665 1943 A.

326 1972 644 2030 Rectejnseruit
660 1974 824 2016 Casaub.
842 1987 894 2015 ex
911 1974 1015 2029 Reg.
1026 1975 1072 2017 Β.
1084 1974 1131 2017 C.
1149 1985 1244 2016 cum
1260 1972 1358 2017 Vat.
1377 1971 1421 2014 δι
1438 1972 1549 2014 Flor-

124 2090 299 2172 mgggiv·
327 2063 334 2068 ’
692 2086 728 2130 c
752 2087 793 2129 A
821 2087 852 2130 P
880 2086 924 2132 V
949 2087 991 2131 'r
1048 2085 1295 2147 Lxxxv.

117 2193 214 2231 vers.
236 2203 266 2230 ι.
286 2205 321 2233 2.
413 2185 528 2243 Verfl
552 2201 586 2231 1.
615 2188 749 2244 τροφῇ
769 2182 942 2245 ταύτῃ.
981 2187 1049 2230 Sic
1065 2185 1163 2232 Vat.
1181 2186 1292 2230 Flor.
1309 2185 1422 2240 Aug.
1439 2182 1662 2240 Reg.A.B.
1731 2231 1734 2236 ,

325 2257 372 2302 C.
410 2258 556 2314 Vulgo
575 2259 709 2316 τροφῇ
731 2254 934 2305 τούτοις
957 2259 1046 2301 edd.
1069 2273 1118 2299 ex
1141 2259 1239 2300 Bav.
1297 2257 1352 2299 Et
1370 2258 1413 2299 in
1430 2256 1526 2299 Bav.
1545 2254 1661 2297 fimul

323 2338 490 2373 notatur
518 2332 593 2372 alia
625 2330 842 2385 scriptura,
889 2325 1067 2386 τροφήν,
1108 2344 1231 2385 quae,
1263 2338 1311 2371 ut
1340 2329 1481 2370 locum
1509 2328 1661 2369 habere

321 2401 475 2457 posset,
518 2403 753 2457 requirebat
780 2408 875 2443 ante
906 2402 946 2442 se
975 2402 1306 2457 praepositionem
1337 2396 1403 2447 εἷς.
1475 2396 1590 2453 Vens.
1616 2409 1658 2440 2.

321 2468 496 2529 Ζεέρζοιν.
535 2473 643 2518 Vide
664 2474 713 2514 ad
736 2487 772 2514 c.
792 2477 860 2526 84,
882 2485 922 2526 3.

142 2546 234 2584 Vers-
254 2555 286 2593 3.
404 2543 519 2599 Vers.
550 2555 589 2598 3.
617 2534 711 2599 ηκον
737 2538 890 2590 ὄντες
912 2542 1033 2586 δέκα
1059 2544 1198 2606 recepi
1217 2556 1269 2584 ex
1288 2542 1329 2583 h·
1327 2542 1395 2583 ud
1414 2541 1535 2583 dubia
1552 2539 1657 2582 Reis-

315 2615 376 2657 kii
397 2614 646 2671 conjeffmra.
700 2616 892 2657 Mendose
913 2617 1041 2670 vulgo
1060 2629 1155 2657 cum
1175 2615 1316 2656 msstis
1336 2607 1496 2667 ἥκοντες
1516 2612 1557 2652 δὲ
1578 2626 1657 2666 uoq.

315 2685 587 2729 Gronovius
575 2700 616 2727 m
636 2700 708 2727 ora
729 2687 786 2727 sui
808 2687 899 2728 libri
921 2695 1160 2728 monuerat:
1188 2686 1310 2740 „iege
1331 2685 1425 2740 ηκον
1446 2681 1498 2731 εἷς
1521 2681 1565 2724 δέ
1564 2686 1641 2726 noc!

313 2756 396 2800 Sed
426 2758 524 2799 illud
553 2757 662 2812 stylo
691 2757 854 2811 Polybii
883 2758 941 2798 est
975 2759 1306 2799 convenientius,
1347 2755 1473 2798 δέκα
1462 2770 1504 2796 m
1518 2755 1567 2796 δὲ
1590 2769 1655 2808 uoq

312 2830 524 2871 detortum
538 2827 721 2870 fimihter
741 2828 866 2871 habes
886 2827 1090 2887 H1.71‚8.
1121 2828 1241 2872 Conf.
1260 2836 1403 2872 notata
1420 2828 1470 2870 ad
1487 2826 1520 2869 Ι.
1534 2837 1600 2880 59,
1619 2838 1653 2868 ι.

475 2897 500 2927 ²
1534 2893 1653 2953 Vens.
