<?xml version="1.0" encoding="UTF-8"?>
<!DOCTYPE html PUBLIC "-//W3C//DTD XHTML 1.0 Transitional//EN"
    "http://www.w3.org/TR/xhtml1/DTD/xhtml1-transitional.dtd">
<html xmlns="http://www.w3.org/1999/xhtml" xml:lang="en" lang="en">
 <head>
  <title>
</title>
<meta http-equiv="Content-Type" content="text/html;charset=utf-8" />
  <meta name='ocr-system' content='tesseract 3.04.00' />
  <meta name='ocr-capabilities' content='ocr_page ocr_carea ocr_par ocr_line ocrx_word'/>
</head>
<body>
  <div class='ocr_page' id='page_1' title='image "./historiarumquidq05polyuoft_0230.png"; bbox 0 0 1742 3190; ppageno 0'>
   <div class='ocr_carea' id='block_1_1' title="bbox 149 267 325 290">
    <p class='ocr_par' dir='ltr' id='par_1_1' title="bbox 149 267 325 290">
     <span class='ocr_line' id='line_1_1' title="bbox 149 267 325 290; baseline -0.011 -4"><span class='ocrx_word' id='word_1_1' title='bbox 149 267 325 290; x_wconf 42' lang='grc' dir='ltr'><strong><em>β</em></strong></span> 
     </span>
    </p>
   </div>
   <div class='ocr_carea' id='block_1_2' title="bbox 145 326 316 372">
    <p class='ocr_par' dir='ltr' id='par_1_2' title="bbox 145 326 316 372">
     <span class='ocr_line' id='line_1_2' title="bbox 145 326 316 372; baseline -0.031 -8"><span class='ocrx_word' id='word_1_2' title='bbox 145 326 239 364; x_wconf 80' lang='lat' dir='ltr'><strong>Vers.</strong></span> <span class='ocrx_word' id='word_1_3' title='bbox 265 332 316 372; x_wconf 84' lang='lat'><strong>13.</strong></span> 
     </span>
    </p>
   </div>
   <div class='ocr_carea' id='block_1_3' title="bbox 352 159 1266 234">
    <p class='ocr_par' dir='ltr' id='par_1_3' title="bbox 352 159 1266 234">
     <span class='ocr_line' id='line_1_3' title="bbox 352 159 1266 234; baseline -0.007 -10"><span class='ocrx_word' id='word_1_4' title='bbox 352 159 467 234; x_wconf 38' lang='lat'><strong>204*</strong></span> <span class='ocrx_word' id='word_1_5' title='bbox 773 165 1266 220; x_wconf 67' lang='lat' dir='ltr'><strong>Anno-rArioivns</strong></span> 
     </span>
    </p>
   </div>
   <div class='ocr_carea' id='block_1_4' title="bbox 346 284 1686 846">
    <p class='ocr_par' dir='ltr' id='par_1_4' title="bbox 346 284 1685 846">
     <span class='ocr_line' id='line_1_4' title="bbox 352 284 1684 350; baseline -0.005 -15"><span class='ocrx_word' id='word_1_6' title='bbox 352 292 501 350; x_wconf 83' lang='lat' dir='ltr'><strong>partim</strong></span> <span class='ocrx_word' id='word_1_7' title='bbox 517 291 560 333; x_wconf 82' lang='lat' dir='ltr'><strong>in</strong></span> <span class='ocrx_word' id='word_1_8' title='bbox 578 290 736 334; x_wconf 76' lang='lat' dir='ltr'><strong>navalia</strong></span> <span class='ocrx_word' id='word_1_9' title='bbox 761 291 906 334; x_wconf 85' lang='lat' dir='ltr'>Romae</span> <span class='ocrx_word' id='word_1_10' title='bbox 923 287 1137 347; x_wconf 58' lang='lat' dir='ltr'><strong>subductas</strong></span> <span class='ocrx_word' id='word_1_11' title='bbox 1157 289 1297 332; x_wconf 84' lang='lat' dir='ltr'><strong>Livius</strong></span> <span class='ocrx_word' id='word_1_12' title='bbox 1313 289 1462 344; x_wconf 71' lang='lat' dir='ltr'><strong>prodat</strong></span> <span class='ocrx_word' id='word_1_13' title='bbox 1474 287 1551 332; x_wconf 89' lang='lat' dir='ltr'><strong>lib.</strong></span> <span class='ocrx_word' id='word_1_14' title='bbox 1566 284 1684 332; x_wconf 88' lang='lat' dir='ltr'>VIII.</span> 
     </span>
     <span class='ocr_line' id='line_1_5' title="bbox 352 359 1683 420; baseline -0.005 -14"><span class='ocrx_word' id='word_1_15' title='bbox 352 378 438 420; x_wconf 82' lang='lat' dir='ltr'><strong>cap.</strong></span> <span class='ocrx_word' id='word_1_16' title='bbox 463 375 524 415; x_wconf 76' lang='lat'><strong>14.</strong></span> <span class='ocrx_word' id='word_1_17' title='bbox 545 363 721 416; x_wconf 89' lang='lat' dir='ltr'><strong>denique</strong></span> <span class='ocrx_word' id='word_1_18' title='bbox 739 375 867 417; x_wconf 88' lang='lat' dir='ltr'>quum</span> <span class='ocrx_word' id='word_1_19' title='bbox 881 362 990 410; x_wconf 76' lang='lat' dir='ltr'>haud</span> <span class='ocrx_word' id='word_1_20' title='bbox 1005 363 1063 403; x_wconf 85' lang='lat' dir='ltr'><strong>ita</strong></span> <span class='ocrx_word' id='word_1_21' title='bbox 1080 360 1211 402; x_wconf 85' lang='lat' dir='ltr'><strong>multo</strong></span> <span class='ocrx_word' id='word_1_22' title='bbox 1223 365 1316 401; x_wconf 86' lang='lat' dir='ltr'><strong>ante</strong></span> <span class='ocrx_word' id='word_1_23' title='bbox 1325 359 1421 401; x_wconf 88' lang='lat' dir='ltr'><strong>hoc</strong></span> <span class='ocrx_word' id='word_1_24' title='bbox 1420 366 1603 416; x_wconf 82' lang='lat' dir='ltr'><strong>tempus,</strong></span> <span class='ocrx_word' id='word_1_25' title='bbox 1631 359 1683 401; x_wconf 87' lang='lat' dir='ltr'><strong>de</strong></span> 
     </span>
     <span class='ocr_line' id='line_1_6' title="bbox 346 431 1683 492; baseline -0.007 -14"><span class='ocrx_word' id='word_1_26' title='bbox 346 448 563 492; x_wconf 80' lang='lat' dir='ltr'>,quo-nunc</span> <span class='ocrx_word' id='word_1_27' title='bbox 580 434 739 489; x_wconf 85' lang='lat' dir='ltr'><strong>agitur,</strong></span> <span class='ocrx_word' id='word_1_28' title='bbox 776 433 858 475; x_wconf 88' lang='lat' dir='ltr'><strong>scil.</strong></span> <span class='ocrx_word' id='word_1_29' title='bbox 875 432 930 475; x_wconf 88' lang='lat' dir='ltr'><strong>A.</strong></span> <span class='ocrx_word' id='word_1_30' title='bbox 949 431 1001 477; x_wconf 89' lang='lat' dir='ltr'><strong>V.</strong></span> <span class='ocrx_word' id='word_1_31' title='bbox 1020 442 1298 475; x_wconf 61' lang='lat' dir='ltr'><strong>ccccuxxu</strong></span> <span class='ocrx_word' id='word_1_32' title='bbox 1326 431 1588 478; x_wconf 78' lang='lat' dir='ltr'>duumvirum</span> <span class='ocrx_word' id='word_1_33' title='bbox 1615 442 1683 470; x_wconf 80' lang='lat' dir='ltr'><strong>na-</strong></span> 
     </span>
     <span class='ocr_line' id='line_1_7' title="bbox 351 499 1684 552; baseline -0.008 0"><span class='ocrx_word' id='word_1_34' title='bbox 351 508 485 552; x_wconf 81' lang='lat' dir='ltr'><strong>valem</strong></span> <span class='ocrx_word' id='word_1_35' title='bbox 500 506 732 549; x_wconf 88' lang='lat' dir='ltr'>Romanum</span> <span class='ocrx_word' id='word_1_36' title='bbox 748 517 844 546; x_wconf 89' lang='lat' dir='ltr'><strong>cum</strong></span> <span class='ocrx_word' id='word_1_37' title='bbox 861 503 1008 546; x_wconf 87' lang='lat' dir='ltr'><strong>decem</strong></span> <span class='ocrx_word' id='word_1_38' title='bbox 1032 503 1198 545; x_wconf 81' lang='lat' dir='ltr'><strong>navium-</strong></span> <span class='ocrx_word' id='word_1_39' title='bbox 1223 499 1340 544; x_wconf 68' lang='lat' dir='ltr'>claffe</span> <span class='ocrx_word' id='word_1_40' title='bbox 1365 501 1594 547; x_wconf 62' lang='lat' dir='ltr'><strong>Tarentum</strong></span> <span class='ocrx_word' id='word_1_41' title='bbox 1618 499 1684 542; x_wconf 84' lang='lat' dir='ltr'><strong>ad-</strong></span> 
     </span>
     <span class='ocr_line' id='line_1_8' title="bbox 349 571 1685 637; baseline -0.005 -17"><span class='ocrx_word' id='word_1_42' title='bbox 349 577 494 637; x_wconf 77' lang='lat' dir='ltr'><strong>pulifl&#39;e</strong></span> <span class='ocrx_word' id='word_1_43' title='bbox 510 575 712 631; x_wconf 80' lang='lat' dir='ltr'><strong>legamus.</strong></span> <span class='ocrx_word' id='word_1_44' title='bbox 769 574 851 618; x_wconf 88' lang='lat' dir='ltr'><strong>Sed</strong></span> <span class='ocrx_word' id='word_1_45' title='bbox 870 576 922 616; x_wconf 86' lang='lat' dir='ltr'><strong>de</strong></span> <span class='ocrx_word' id='word_1_46' title='bbox 941 573 1228 618; x_wconf 88' lang='lat' dir='ltr'><strong>vetustioribus</strong></span> <span class='ocrx_word' id='word_1_47' title='bbox 1247 571 1685 637; x_wconf 73' lang='lat' dir='ltr'><strong>quidem.temporibus</strong></span> 
     </span>
     <span class='ocr_line' id='line_1_9' title="bbox 350 644 1685 702; baseline -0.004 -10"><span class='ocrx_word' id='word_1_48' title='bbox 350 649 484 693; x_wconf 82' lang='lat' dir='ltr'><strong>facile</strong></span> <span class='ocrx_word' id='word_1_49' title='bbox 482 647 722 702; x_wconf 86' lang='lat' dir='ltr'><strong>responderi</strong></span> <span class='ocrx_word' id='word_1_50' title='bbox 741 645 887 702; x_wconf 86' lang='lat' dir='ltr'><strong>potest,</strong></span> <span class='ocrx_word' id='word_1_51' title='bbox 917 644 1125 687; x_wconf 81' lang='lat' dir='ltr'>Romanos</span> <span class='ocrx_word' id='word_1_52' title='bbox 1142 644 1312 687; x_wconf 84' lang='lat' dir='ltr'><strong>navibus</strong></span> <span class='ocrx_word' id='word_1_53' title='bbox 1331 644 1383 686; x_wconf 82' lang='lat' dir='ltr'><strong>ad</strong></span> <span class='ocrx_word' id='word_1_54' title='bbox 1401 649 1685 692; x_wconf 79' lang='lat' dir='ltr'><strong>mercaturam,</strong></span> 
     </span>
     <span class='ocr_line' id='line_1_10' title="bbox 350 713 1686 771; baseline -0.005 -10"><span class='ocrx_word' id='word_1_55' title='bbox 350 733 436 765; x_wconf 82' lang='lat' dir='ltr'><strong>non</strong></span> <span class='ocrx_word' id='word_1_56' title='bbox 456 721 503 763; x_wconf 85' lang='lat' dir='ltr'><strong>ad</strong></span> <span class='ocrx_word' id='word_1_57' title='bbox 527 718 701 768; x_wconf 84' lang='lat' dir='ltr'><strong>bellurn,</strong></span> <span class='ocrx_word' id='word_1_58' title='bbox 736 715 815 759; x_wconf 80' lang='lat' dir='ltr'><strong>effe</strong></span> <span class='ocrx_word' id='word_1_59' title='bbox 835 717 953 759; x_wconf 90' lang='lat' dir='ltr'><strong>usos·</strong></span> <span class='ocrx_word' id='word_1_60' title='bbox 986 715 1030 758; x_wconf 88' lang='lat'>&amp;</span> <span class='ocrx_word' id='word_1_61' title='bbox 1047 730 1096 758; x_wconf 84' lang='lat' dir='ltr'><strong>ex</strong></span> <span class='ocrx_word' id='word_1_62' title='bbox 1117 717 1222 760; x_wconf 89' lang='lat' dir='ltr'><strong>Livii</strong></span> <span class='ocrx_word' id='word_1_63' title='bbox 1240 715 1375 758; x_wconf 89' lang='lat' dir='ltr'><strong>verbis</strong></span> <span class='ocrx_word' id='word_1_64' title='bbox 1395 713 1511 771; x_wconf 87' lang='lat' dir='ltr'>VIII.</span> <span class='ocrx_word' id='word_1_65' title='bbox 1535 723 1597 767; x_wconf 79' lang='grc'><strong>14.</strong></span> <span class='ocrx_word' id='word_1_66' title='bbox 1625 713 1686 758; x_wconf 89' lang='lat' dir='ltr'><strong>in</strong></span> 
     </span>
     <span class='ocr_line' id='line_1_11' title="bbox 350 784 1686 846; baseline -0.005 -12"><span class='ocrx_word' id='word_1_67' title='bbox 350 792 486 846; x_wconf 84' lang='lat' dir='ltr'><strong>telligi</strong></span> <span class='ocrx_word' id='word_1_68' title='bbox 506 791 686 839; x_wconf 88' lang='lat' dir='ltr'><strong>videtur,</strong></span> <span class='ocrx_word' id='word_1_69' title='bbox 714 787 744 830; x_wconf 88' lang='lat' dir='ltr'><strong>fi</strong></span> <span class='ocrx_word' id='word_1_70' title='bbox 765 801 866 844; x_wconf 84' lang='lat' dir='ltr'>quas</span> <span class='ocrx_word' id='word_1_71' title='bbox 894 789 1020 831; x_wconf 81' lang='lat' dir='ltr'><strong>etiam</strong></span> <span class='ocrx_word' id='word_1_72' title='bbox 1046 800 1176 829; x_wconf 85' lang='lat' dir='ltr'><strong>naves</strong></span> <span class='ocrx_word' id='word_1_73' title='bbox 1195 787 1363 842; x_wconf 68' lang='lat' dir='ltr'>longas,</span> <span class='ocrx_word' id='word_1_74' title='bbox 1387 787 1438 828; x_wconf 87' lang='lat' dir='ltr'><strong>ad</strong></span> <span class='ocrx_word' id='word_1_75' title='bbox 1454 784 1637 829; x_wconf 84' lang='lat' dir='ltr'>bellum</span> <span class='ocrx_word' id='word_1_76' title='bbox 1622 796 1686 827; x_wconf 84' lang='lat' dir='ltr'><strong>m-</strong></span> 
     </span>
    </p>
   </div>
   <div class='ocr_carea' id='block_1_5' title="bbox 287 855 1686 914">
    <p class='ocr_par' dir='ltr' id='par_1_5' title="bbox 287 855 1686 914">
     <span class='ocr_line' id='line_1_12' title="bbox 287 855 1686 914; baseline -0.007 -7"><span class='ocrx_word' id='word_1_77' title='bbox 287 873 290 875; x_wconf 73' lang='grc'><strong><em>’</em></strong></span> <span class='ocrx_word' id='word_1_78' title='bbox 352 861 535 911; x_wconf 58' lang='lat' dir='ltr'><strong>structas,</strong></span> <span class='ocrx_word' id='word_1_79' title='bbox 550 862 598 905; x_wconf 80' lang='lat' dir='ltr'><strong>ab</strong></span> <span class='ocrx_word' id='word_1_80' title='bbox 616 860 798 903; x_wconf 89' lang='lat' dir='ltr'>hostibus</span> <span class='ocrx_word' id='word_1_81' title='bbox 815 865 1029 914; x_wconf 87' lang='lat' dir='ltr'><strong>ceperunt,</strong></span> <span class='ocrx_word' id='word_1_82' title='bbox 1058 857 1210 902; x_wconf 84' lang='lat' dir='ltr'><strong>eisdem</strong></span> <span class='ocrx_word' id='word_1_83' title='bbox 1226 859 1321 901; x_wconf 87' lang='lat' dir='ltr'><strong>dein</strong></span> <span class='ocrx_word' id='word_1_84' title='bbox 1339 871 1440 908; x_wconf 86' lang='lat' dir='ltr'><strong>non,</strong></span> <span class='ocrx_word' id='word_1_85' title='bbox 1466 858 1519 901; x_wconf 80' lang='lat' dir='ltr'><strong>ad</strong></span> <span class='ocrx_word' id='word_1_86' title='bbox 1531 855 1686 900; x_wconf 76' lang='lat' dir='ltr'><strong>bellum</strong></span> 
     </span>
    </p>
   </div>
   <div class='ocr_carea' id='block_1_6' title="bbox 348 927 1742 2891">
    <p class='ocr_par' dir='ltr' id='par_1_6' title="bbox 348 927 1742 2830">
     <span class='ocr_line' id='line_1_13' title="bbox 351 927 1686 983; baseline -0.007 -6"><span class='ocrx_word' id='word_1_87' title='bbox 351 933 434 977; x_wconf 83' lang='lat' dir='ltr'><strong>efi&#39;e</strong></span> <span class='ocrx_word' id='word_1_88' title='bbox 451 933 565 981; x_wconf 87' lang='lat' dir='ltr'>usos;</span> <span class='ocrx_word' id='word_1_89' title='bbox 594 939 721 982; x_wconf 87' lang='lat' dir='ltr'><strong>certe,</strong></span> <span class='ocrx_word' id='word_1_90' title='bbox 746 932 931 974; x_wconf 86' lang='lat' dir='ltr'><strong>omnium</strong></span> <span class='ocrx_word' id='word_1_91' title='bbox 947 931 1113 973; x_wconf 77' lang='lat' dir='ltr'><strong>navium</strong></span> <span class='ocrx_word' id='word_1_92' title='bbox 1121 930 1253 972; x_wconf 84' lang='lat' dir='ltr'><strong>Antio</strong></span> <span class='ocrx_word' id='word_1_93' title='bbox 1270 927 1533 983; x_wconf 62' lang='lat' dir='ltr'>abdustarum</span> <span class='ocrx_word' id='word_1_94' title='bbox 1547 928 1686 970; x_wconf 82' lang='lat' dir='ltr'><strong>demta</strong></span> 
     </span>
     <span class='ocr_line' id='line_1_14' title="bbox 351 998 1685 1058; baseline -0.007 -11"><span class='ocrx_word' id='word_1_95' title='bbox 351 1004 487 1048; x_wconf 86' lang='lat' dir='ltr'>nostra</span> <span class='ocrx_word' id='word_1_96' title='bbox 522 1001 624 1053; x_wconf 86' lang='lat' dir='ltr'><strong>effe,</strong></span> <span class='ocrx_word' id='word_1_97' title='bbox 665 1001 893 1058; x_wconf 75' lang='lat' dir='ltr'><strong>significare</strong></span> <span class='ocrx_word' id='word_1_98' title='bbox 926 1001 1023 1043; x_wconf 92' lang='lat' dir='ltr'><strong>loco</strong></span> <span class='ocrx_word' id='word_1_99' title='bbox 1060 1002 1188 1045; x_wconf 88' lang='lat' dir='ltr'><strong>citato</strong></span> <span class='ocrx_word' id='word_1_100' title='bbox 1218 1002 1382 1044; x_wconf 85' lang='lat' dir='ltr'><strong>videtur</strong></span> <span class='ocrx_word' id='word_1_101' title='bbox 1406 999 1474 1042; x_wconf 86' lang='lat' dir='ltr'><strong>hic</strong></span> <span class='ocrx_word' id='word_1_102' title='bbox 1500 998 1685 1054; x_wconf 80' lang='lat' dir='ltr'><strong>scriptor.</strong></span> 
     </span>
     <span class='ocr_line' id='line_1_15' title="bbox 352 1068 1687 1132; baseline -0.008 -11"><span class='ocrx_word' id='word_1_103' title='bbox 352 1076 556 1129; x_wconf 78' lang='lat' dir='ltr'>Adeoque</span> <span class='ocrx_word' id='word_1_104' title='bbox 583 1087 661 1115; x_wconf 90' lang='lat' dir='ltr'><strong>nec</strong></span> <span class='ocrx_word' id='word_1_105' title='bbox 688 1075 737 1116; x_wconf 85' lang='lat' dir='ltr'><strong>ad</strong></span> <span class='ocrx_word' id='word_1_106' title='bbox 765 1086 906 1117; x_wconf 79' lang='lat' dir='ltr'>earum</span> <span class='ocrx_word' id='word_1_107' title='bbox 941 1071 1184 1127; x_wconf 20' lang='lat' dir='ltr'><strong>exemplum*</strong></span> <span class='ocrx_word' id='word_1_108' title='bbox 1203 1073 1306 1115; x_wconf 47' lang='lat' dir='ltr'><strong>alias*</strong></span> <span class='ocrx_word' id='word_1_109' title='bbox 1329 1071 1478 1132; x_wconf 73' lang='lat' dir='ltr'><strong>fimiles</strong></span> <span class='ocrx_word' id='word_1_110' title='bbox 1507 1068 1687 1112; x_wconf 80' lang='lat' dir='ltr'><strong>construi</strong></span> 
     </span>
     <span class='ocr_line' id='line_1_16' title="bbox 351 1140 1686 1200; baseline -0.007 -9"><span class='ocrx_word' id='word_1_111' title='bbox 351 1153 566 1196; x_wconf 82' lang='lat' dir='ltr'><strong>curarunt,</strong></span> <span class='ocrx_word' id='word_1_112' title='bbox 594 1144 639 1190; x_wconf 87' lang='lat'>&amp;</span> <span class='ocrx_word' id='word_1_113' title='bbox 657 1145 869 1200; x_wconf 83' lang='lat' dir='ltr'>postquam</span> <span class='ocrx_word' id='word_1_114' title='bbox 894 1143 979 1186; x_wconf 87' lang='lat' dir='ltr'><strong>illae</strong></span> <span class='ocrx_word' id='word_1_115' title='bbox 1011 1143 1107 1198; x_wconf 82' lang='lat' dir='ltr'><strong>ipsae</strong></span> <span class='ocrx_word' id='word_1_116' title='bbox 1135 1143 1207 1186; x_wconf 87' lang='lat' dir='ltr'><strong>usu</strong></span> <span class='ocrx_word' id='word_1_117' title='bbox 1234 1158 1281 1187; x_wconf 80' lang='lat' dir='ltr'><strong>ac</strong></span> <span class='ocrx_word' id='word_1_118' title='bbox 1310 1143 1511 1186; x_wconf 87' lang='lat' dir='ltr'><strong>vetustate</strong></span> <span class='ocrx_word' id='word_1_119' title='bbox 1535 1140 1686 1198; x_wconf 68' lang='lat' dir='ltr'><strong>attritae</strong></span> 
     </span>
     <span class='ocr_line' id='line_1_17' title="bbox 351 1210 1687 1271; baseline -0.005 -11"><span class='ocrx_word' id='word_1_120' title='bbox 351 1225 489 1268; x_wconf 82' lang='lat' dir='ltr'><strong>erant,</strong></span> <span class='ocrx_word' id='word_1_121' title='bbox 516 1217 640 1259; x_wconf 86' lang='lat' dir='ltr'>nullae</span> <span class='ocrx_word' id='word_1_122' title='bbox 661 1216 837 1271; x_wconf 85' lang='lat' dir='ltr'><strong>ejusdem</strong></span> <span class='ocrx_word' id='word_1_123' title='bbox 854 1215 1018 1271; x_wconf 84' lang='lat' dir='ltr'><strong>generis</strong></span> <span class='ocrx_word' id='word_1_124' title='bbox 1036 1215 1207 1270; x_wconf 80' lang='lat' dir='ltr'><strong>reliquae</strong></span> <span class='ocrx_word' id='word_1_125' title='bbox 1225 1214 1420 1258; x_wconf 81' lang='lat' dir='ltr'><strong>Romanis</strong></span> <span class='ocrx_word' id='word_1_126' title='bbox 1437 1219 1565 1255; x_wconf 84' lang='lat' dir='ltr'><strong>erant.</strong></span> <span class='ocrx_word' id='word_1_127' title='bbox 1600 1210 1687 1254; x_wconf 28' lang='lat' dir='ltr'><strong>*Sed</strong></span> 
     </span>
     <span class='ocr_line' id='line_1_18' title="bbox 353 1283 1687 1341; baseline -0.005 -11"><span class='ocrx_word' id='word_1_128' title='bbox 353 1290 464 1330; x_wconf 89' lang='lat' dir='ltr'><strong>enim</strong></span> <span class='ocrx_word' id='word_1_129' title='bbox 478 1288 688 1332; x_wconf 85' lang='lat' dir='ltr'><strong>fatendum</strong></span> <span class='ocrx_word' id='word_1_130' title='bbox 705 1287 782 1337; x_wconf 89' lang='lat' dir='ltr'><strong>est,</strong></span> <span class='ocrx_word' id='word_1_131' title='bbox 813 1301 910 1329; x_wconf 87' lang='lat' dir='ltr'><strong>cum</strong></span> <span class='ocrx_word' id='word_1_132' title='bbox 931 1288 1008 1329; x_wconf 89' lang='lat' dir='ltr'><strong>hac</strong></span> <span class='ocrx_word' id='word_1_133' title='bbox 1024 1286 1159 1329; x_wconf 86' lang='lat' dir='ltr'><strong>nostra</strong></span> <span class='ocrx_word' id='word_1_134' title='bbox 1174 1283 1415 1341; x_wconf 68' lang='lat' dir='ltr'><strong>hypothesi,</strong></span> <span class='ocrx_word' id='word_1_135' title='bbox 1444 1283 1491 1329; x_wconf 84' lang='lat'>&amp;</span> <span class='ocrx_word' id='word_1_136' title='bbox 1506 1297 1601 1326; x_wconf 88' lang='lat' dir='ltr'><strong>cum</strong></span> <span class='ocrx_word' id='word_1_137' title='bbox 1621 1296 1687 1332; x_wconf 85' lang='lat' dir='ltr'><strong>eo,</strong></span> 
     </span>
     <span class='ocr_line' id='line_1_19' title="bbox 353 1351 1687 1416; baseline -0.004 -15"><span class='ocrx_word' id='word_1_138' title='bbox 353 1361 466 1416; x_wconf 88' lang='lat' dir='ltr'>quod</span> <span class='ocrx_word' id='word_1_139' title='bbox 477 1359 675 1414; x_wconf 85' lang='lat' dir='ltr'>Polybius</span> <span class='ocrx_word' id='word_1_140' title='bbox 693 1359 733 1402; x_wconf 75' lang='lat' dir='ltr'><strong>h,</strong></span> <span class='ocrx_word' id='word_1_141' title='bbox 744 1358 773 1401; x_wconf 87' lang='lat' dir='ltr'><strong>l.</strong></span> <span class='ocrx_word' id='word_1_142' title='bbox 788 1357 988 1408; x_wconf 86' lang='lat' dir='ltr'><strong>adfirmat,</strong></span> <span class='ocrx_word' id='word_1_143' title='bbox 1014 1358 1122 1400; x_wconf 81' lang='lat' dir='ltr'>haud</span> <span class='ocrx_word' id='word_1_144' title='bbox 1133 1359 1199 1399; x_wconf 61' lang='lat' dir='ltr'><strong>xita</strong></span> <span class='ocrx_word' id='word_1_145' title='bbox 1208 1356 1327 1398; x_wconf 84' lang='lat' dir='ltr'><strong>facile</strong></span> <span class='ocrx_word' id='word_1_146' title='bbox 1345 1356 1553 1399; x_wconf 80' lang='lat' dir='ltr'><strong>conciliati</strong></span> <span class='ocrx_word' id='word_1_147' title='bbox 1563 1351 1687 1409; x_wconf 81' lang='lat' dir='ltr'><strong>posse,</strong></span> 
     </span>
     <span class='ocr_line' id='line_1_20' title="bbox 353 1425 1690 1486; baseline -0.004 -14"><span class='ocrx_word' id='word_1_148' title='bbox 353 1443 448 1486; x_wconf 84' lang='lat' dir='ltr'><strong>quae</strong></span> <span class='ocrx_word' id='word_1_149' title='bbox 468 1432 519 1472; x_wconf 90' lang='lat' dir='ltr'><strong>de</strong></span> <span class='ocrx_word' id='word_1_150' title='bbox 535 1431 718 1472; x_wconf 87' lang='lat' dir='ltr'>Romana</span> <span class='ocrx_word' id='word_1_151' title='bbox 738 1427 867 1479; x_wconf 79' lang='lat' dir='ltr'><strong>claffe,</strong></span> <span class='ocrx_word' id='word_1_152' title='bbox 886 1429 1114 1472; x_wconf 75' lang='lat' dir='ltr'><strong>Tarentum</strong></span> <span class='ocrx_word' id='word_1_153' title='bbox 1133 1427 1306 1483; x_wconf 84' lang='lat' dir='ltr'>adpulsa,</span> <span class='ocrx_word' id='word_1_154' title='bbox 1336 1427 1552 1483; x_wconf 82' lang='lat' dir='ltr'><strong>Appianus</strong></span> <span class='ocrx_word' id='word_1_155' title='bbox 1564 1425 1690 1468; x_wconf 86' lang='lat' dir='ltr'><strong>habet</strong></span> 
     </span>
     <span class='ocr_line' id='line_1_21' title="bbox 350 1492 1688 1555; baseline -0.003 -13"><span class='ocrx_word' id='word_1_156' title='bbox 350 1503 394 1548; x_wconf 84' lang='lat' dir='ltr'><strong>in</strong></span> <span class='ocrx_word' id='word_1_157' title='bbox 412 1502 605 1555; x_wconf 84' lang='lat' dir='ltr'><strong>Excerpt.</strong></span> <span class='ocrx_word' id='word_1_158' title='bbox 625 1500 677 1544; x_wconf 93' lang='lat' dir='ltr'>V</span> <span class='ocrx_word' id='word_1_159' title='bbox 700 1501 749 1541; x_wconf 88' lang='lat' dir='ltr'><strong>de</strong></span> <span class='ocrx_word' id='word_1_160' title='bbox 765 1500 908 1555; x_wconf 77' lang='lat' dir='ltr'><strong>Legat.</strong></span> <span class='ocrx_word' id='word_1_161' title='bbox 936 1499 1062 1543; x_wconf 84' lang='lat' dir='ltr'><strong>Tom.</strong></span> <span class='ocrx_word' id='word_1_162' title='bbox 1079 1499 1113 1541; x_wconf 86' lang='lat' dir='ltr'><strong>I.</strong></span> <span class='ocrx_word' id='word_1_163' title='bbox 1124 1499 1280 1549; x_wconf 73' lang='lat' dir='ltr'><strong>nostrae</strong></span> <span class='ocrx_word' id='word_1_164' title='bbox 1299 1499 1497 1543; x_wconf 78' lang='lat' dir='ltr'><strong>editionis</strong></span> <span class='ocrx_word' id='word_1_165' title='bbox 1513 1510 1608 1553; x_wconf 84' lang='lat' dir='ltr'>pag.</span> <span class='ocrx_word' id='word_1_166' title='bbox 1623 1492 1688 1548; x_wconf 80' lang='lat'><strong>56.</strong></span> 
     </span>
     <span class='ocr_line' id='line_1_22' title="bbox 352 1566 1723 1630; baseline -0.004 -16"><span class='ocrx_word' id='word_1_167' title='bbox 352 1574 423 1618; x_wconf 79' lang='lat' dir='ltr'><strong>ubi</strong></span> <span class='ocrx_word' id='word_1_168' title='bbox 445 1572 683 1630; x_wconf 80' lang='lat' dir='ltr'><strong>Cornelium</strong></span> <span class='ocrx_word' id='word_1_169' title='bbox 702 1569 807 1624; x_wconf 83' lang='lat' dir='ltr'><strong>(five</strong></span> <span class='ocrx_word' id='word_1_170' title='bbox 826 1572 1128 1625; x_wconf 87' lang='lat' dir='ltr'>quodcumque</span> <span class='ocrx_word' id='word_1_171' title='bbox 1136 1583 1289 1612; x_wconf 88' lang='lat' dir='ltr'><strong>nomen</strong></span> <span class='ocrx_word' id='word_1_172' title='bbox 1299 1570 1378 1612; x_wconf 89' lang='lat' dir='ltr'><strong>fuit</strong></span> <span class='ocrx_word' id='word_1_173' title='bbox 1387 1570 1453 1612; x_wconf 86' lang='lat' dir='ltr'><strong>illi</strong></span> <span class='ocrx_word' id='word_1_174' title='bbox 1470 1567 1689 1613; x_wconf 71' lang='lat' dir='ltr'><strong>duumviro</strong></span> <span class='ocrx_word' id='word_1_175' title='bbox 1720 1566 1723 1567; x_wconf 45' lang='lat'><em>⁷</em></span> 
     </span>
     <span class='ocr_line' id='line_1_23' title="bbox 352 1634 1689 1696; baseline -0.004 -11"><span class='ocrx_word' id='word_1_176' title='bbox 352 1655 432 1686; x_wconf 85' lang='lat' dir='ltr'><strong>nav</strong></span> <span class='ocrx_word' id='word_1_177' title='bbox 436 1643 508 1695; x_wconf 85' lang='lat' dir='ltr'><strong>ali)</strong></span> <span class='ocrx_word' id='word_1_178' title='bbox 536 1642 614 1683; x_wconf 76' lang='grc' dir='ltr'><strong>ἐπὶ</strong></span> <span class='ocrx_word' id='word_1_179' title='bbox 632 1634 951 1696; x_wconf 61' lang='grc' dir='ltr'><strong>καταφρὸίκτων</strong></span> <span class='ocrx_word' id='word_1_180' title='bbox 979 1656 1080 1684; x_wconf 78' lang='grc' dir='ltr'><em>νεων</em></span> <span class='ocrx_word' id='word_1_181' title='bbox 1115 1642 1232 1691; x_wconf 76' lang='grc' dir='ltr'><strong><em>δέκα,</em></strong></span> <span class='ocrx_word' id='word_1_182' title='bbox 1274 1654 1363 1683; x_wconf 82' lang='lat' dir='ltr'><strong>cum</strong></span> <span class='ocrx_word' id='word_1_183' title='bbox 1391 1640 1519 1683; x_wconf 81' lang='lat' dir='ltr'><strong>decem</strong></span> <span class='ocrx_word' id='word_1_184' title='bbox 1546 1636 1689 1682; x_wconf 54' lang='lat' dir='ltr'><strong>testa-</strong></span> 
     </span>
     <span class='ocr_line' id='line_1_24' title="bbox 353 1708 1690 1768; baseline -0.005 -11"><span class='ocrx_word' id='word_1_185' title='bbox 353 1727 466 1758; x_wconf 75' lang='lat' dir='ltr'><strong>rum</strong></span> <span class='ocrx_word' id='word_1_186' title='bbox 481 1714 643 1754; x_wconf 83' lang='lat' dir='ltr'><strong>navium</strong></span> <span class='ocrx_word' id='word_1_187' title='bbox 662 1710 774 1768; x_wconf 73' lang='lat' dir='ltr'><em>claffo</em></span> <span class='ocrx_word' id='word_1_188' title='bbox 801 1714 1018 1755; x_wconf 73' lang='lat' dir='ltr'><em>Tarentum</em></span> <span class='ocrx_word' id='word_1_189' title='bbox 1042 1708 1183 1767; x_wconf 69' lang='lat' dir='ltr'><strong>vemffi</strong></span> <span class='ocrx_word' id='word_1_190' title='bbox 1205 1712 1354 1754; x_wconf 80' lang='lat' dir='ltr'><strong>scribit.</strong></span> <span class='ocrx_word' id='word_1_191' title='bbox 1410 1708 1612 1767; x_wconf 83' lang='lat' dir='ltr'><strong>Oportet&#39;</strong></span> <span class='ocrx_word' id='word_1_192' title='bbox 1613 1710 1690 1765; x_wconf 86' lang='lat' dir='ltr'><strong>igi·</strong></span> 
     </span>
     <span class='ocr_line' id='line_1_25' title="bbox 352 1781 1692 1839; baseline -0.001 -15"><span class='ocrx_word' id='word_1_193' title='bbox 352 1792 439 1833; x_wconf 80' lang='lat' dir='ltr'><strong>tur,</strong></span> <span class='ocrx_word' id='word_1_194' title='bbox 469 1783 499 1824; x_wconf 90' lang='lat' dir='ltr'><strong>fi</strong></span> <span class='ocrx_word' id='word_1_195' title='bbox 515 1783 642 1824; x_wconf 89' lang='lat' dir='ltr'><strong>fidem</strong></span> <span class='ocrx_word' id='word_1_196' title='bbox 658 1785 822 1837; x_wconf 89' lang='lat' dir='ltr'><strong>utrique</strong></span> <span class='ocrx_word' id='word_1_197' title='bbox 841 1784 1027 1839; x_wconf 88' lang='lat' dir='ltr'><strong>scriptori</strong></span> <span class='ocrx_word' id='word_1_198' title='bbox 1045 1783 1228 1825; x_wconf 84' lang='lat' dir='ltr'><strong>constare</strong></span> <span class='ocrx_word' id='word_1_199' title='bbox 1247 1784 1442 1834; x_wconf 70' lang='lat' dir='ltr'><strong>velimuS,</strong></span> <span class='ocrx_word' id='word_1_200' title='bbox 1475 1788 1523 1824; x_wconf 82' lang='lat' dir='ltr'><strong>ut</strong></span> <span class='ocrx_word' id='word_1_201' title='bbox 1547 1781 1692 1825; x_wconf 80' lang='lat' dir='ltr'><strong>statua-</strong></span> 
     </span>
     <span class='ocr_line' id='line_1_26' title="bbox 351 1850 1694 1910; baseline -0.003 -13"><span class='ocrx_word' id='word_1_202' title='bbox 351 1868 446 1897; x_wconf 88' lang='lat' dir='ltr'><strong>mus</strong></span> <span class='ocrx_word' id='word_1_203' title='bbox 459 1886 470 1905; x_wconf 96' lang='lat'>,</span> <span class='ocrx_word' id='word_1_204' title='bbox 499 1855 603 1895; x_wconf 84' lang='lat' dir='ltr'><strong>intra</strong></span> <span class='ocrx_word' id='word_1_205' title='bbox 620 1855 727 1895; x_wconf 84' lang='lat' dir='ltr'>duos</span> <span class='ocrx_word' id='word_1_206' title='bbox 746 1853 791 1896; x_wconf 75' lang='grc' dir='ltr'><strong>δε</strong></span> <span class='ocrx_word' id='word_1_207' title='bbox 811 1856 959 1910; x_wconf 86' lang='lat' dir='ltr'><strong>viginti</strong></span> <span class='ocrx_word' id='word_1_208' title='bbox 977 1867 1127 1905; x_wconf 83' lang='lat' dir='ltr'><strong>annos,</strong></span> <span class='ocrx_word' id='word_1_209' title='bbox 1164 1855 1236 1909; x_wconf 85' lang='lat' dir='ltr'><strong>qui</strong></span> <span class='ocrx_word' id='word_1_210' title='bbox 1255 1855 1304 1896; x_wconf 84' lang='lat' dir='ltr'><strong>ab</strong></span> <span class='ocrx_word' id='word_1_211' title='bbox 1321 1854 1394 1896; x_wconf 86' lang='lat' dir='ltr'><strong>illo</strong></span> <span class='ocrx_word' id='word_1_212' title='bbox 1420 1860 1611 1908; x_wconf 83' lang='lat' dir='ltr'><strong>tempore</strong></span> <span class='ocrx_word' id='word_1_213' title='bbox 1636 1850 1694 1893; x_wconf 83' lang='lat' dir='ltr'><strong>ef-</strong></span> 
     </span>
     <span class='ocr_line' id='line_1_27' title="bbox 348 1922 1692 1980; baseline -0.002 -13"><span class='ocrx_word' id='word_1_214' title='bbox 348 1927 583 1975; x_wconf 79' lang='lat' dir='ltr'><strong>fluxerunt,</strong></span> <span class='ocrx_word' id='word_1_215' title='bbox 612 1925 728 1968; x_wconf 90' lang='lat' dir='ltr'><strong>usum</strong></span> <span class='ocrx_word' id='word_1_216' title='bbox 745 1927 914 1967; x_wconf 86' lang='lat' dir='ltr'><strong>navium</strong></span> <span class='ocrx_word' id='word_1_217' title='bbox 938 1924 1140 1968; x_wconf 68' lang='lat' dir='ltr'><strong>testarum</strong></span> <span class='ocrx_word' id='word_1_218' title='bbox 1157 1925 1320 1980; x_wconf 86' lang='lat' dir='ltr'>prorsus</span> <span class='ocrx_word' id='word_1_219' title='bbox 1341 1922 1581 1968; x_wconf 72' lang='lat' dir='ltr'><strong>dedidieiss‘e¹</strong></span> <span class='ocrx_word' id='word_1_220' title='bbox 1594 1923 1692 1965; x_wconf 81' lang='lat' dir='ltr'><strong>ami-</strong></span> 
     </span>
     <span class='ocr_line' id='line_1_28' title="bbox 352 1991 1694 2052; baseline -0.004 -12"><span class='ocrx_word' id='word_1_221' title='bbox 352 1995 522 2051; x_wconf 84' lang='lat' dir='ltr'><strong>fiffeque</strong></span> <span class='ocrx_word' id='word_1_222' title='bbox 540 1995 772 2046; x_wconf 85' lang='lat' dir='ltr'>Romanos;</span> <span class='ocrx_word' id='word_1_223' title='bbox 801 1998 912 2052; x_wconf 91' lang='lat' dir='ltr'>quod</span> <span class='ocrx_word' id='word_1_224' title='bbox 932 1991 1097 2052; x_wconf 71' lang='lat' dir='ltr'><strong>quidem</strong></span> <span class='ocrx_word' id='word_1_225' title='bbox 1116 2010 1258 2052; x_wconf 82' lang='lat' dir='ltr'>parurn</span> <span class='ocrx_word' id='word_1_226' title='bbox 1278 1996 1337 2039; x_wconf 89' lang='lat' dir='ltr'><strong>est</strong></span> <span class='ocrx_word' id='word_1_227' title='bbox 1355 1995 1562 2038; x_wconf 53' lang='lat' dir='ltr'><strong>credibile.</strong></span> <span class='ocrx_word' id='word_1_228' title='bbox 1579 2034 1582 2037; x_wconf 16' lang='grc' dir='ltr'><strong>Α</strong></span> <span class='ocrx_word' id='word_1_229' title='bbox 1616 1993 1694 2039; x_wconf 83' lang='lat' dir='ltr'><strong>Ce-</strong></span> 
     </span>
     <span class='ocr_line' id='line_1_29' title="bbox 354 2066 1694 2124; baseline -0.001 -16"><span class='ocrx_word' id='word_1_230' title='bbox 354 2073 493 2114; x_wconf 81' lang='lat' dir='ltr'><strong>terum</strong></span> <span class='ocrx_word' id='word_1_231' title='bbox 510 2068 560 2108; x_wconf 88' lang='lat' dir='ltr'><strong>de</strong></span> <span class='ocrx_word' id='word_1_232' title='bbox 576 2067 759 2110; x_wconf 86' lang='lat' dir='ltr'><strong>Navium</strong></span> <span class='ocrx_word' id='word_1_233' title='bbox 781 2069 906 2110; x_wconf 87' lang='lat' dir='ltr'><strong>variis</strong></span> <span class='ocrx_word' id='word_1_234' title='bbox 924 2068 1168 2123; x_wconf 77' lang='lat' dir='ltr'><strong>generibus,</strong></span> <span class='ocrx_word' id='word_1_235' title='bbox 1205 2068 1352 2124; x_wconf 82' lang='lat' dir='ltr'><strong>quibus</strong></span> <span class='ocrx_word' id='word_1_236' title='bbox 1379 2066 1437 2110; x_wconf 90' lang='lat' dir='ltr'><strong>ufi</strong></span> <span class='ocrx_word' id='word_1_237' title='bbox 1462 2066 1552 2109; x_wconf 85' lang='lat' dir='ltr'><strong>sunt</strong></span> <span class='ocrx_word' id='word_1_238' title='bbox 1579 2072 1694 2108; x_wconf 85' lang='lat' dir='ltr'><strong>vete-</strong></span> 
     </span>
     <span class='ocr_line' id='line_1_30' title="bbox 353 2135 1742 2194; baseline -0.004 -12"><span class='ocrx_word' id='word_1_239' title='bbox 353 2151 435 2189; x_wconf 81' lang='lat' dir='ltr'><strong>res,</strong></span> <span class='ocrx_word' id='word_1_240' title='bbox 465 2138 647 2186; x_wconf 87' lang='lat' dir='ltr'>nostrum</span> <span class='ocrx_word' id='word_1_241' title='bbox 664 2153 750 2180; x_wconf 89' lang='lat' dir='ltr'><strong>non</strong></span> <span class='ocrx_word' id='word_1_242' title='bbox 767 2139 824 2181; x_wconf 84' lang='lat' dir='ltr'><strong>est</strong></span> <span class='ocrx_word' id='word_1_243' title='bbox 843 2153 952 2181; x_wconf 89' lang='lat' dir='ltr'><strong>nunc</strong></span> <span class='ocrx_word' id='word_1_244' title='bbox 970 2141 1051 2181; x_wconf 83' lang='lat' dir='ltr'><strong>late</strong></span> <span class='ocrx_word' id='word_1_245' title='bbox 1070 2139 1284 2194; x_wconf 86' lang='lat' dir='ltr'><strong>disputare.</strong></span> <span class='ocrx_word' id='word_1_246' title='bbox 1327 2139 1420 2182; x_wconf 88' lang='lat' dir='ltr'><strong>Post</strong></span> <span class='ocrx_word' id='word_1_247' title='bbox 1436 2152 1496 2188; x_wconf 87' lang='lat' dir='ltr'><strong>ea,</strong></span> <span class='ocrx_word' id='word_1_248' title='bbox 1524 2150 1618 2193; x_wconf 77' lang='lat' dir='ltr'><strong>quae</strong></span> <span class='ocrx_word' id='word_1_249' title='bbox 1634 2135 1694 2178; x_wconf 86' lang='lat' dir='ltr'><strong>su-</strong></span> <span class='ocrx_word' id='word_1_250' title='bbox 1740 2157 1742 2160; x_wconf 47' lang='lat'><strong>⁴</strong></span> 
     </span>
     <span class='ocr_line' id='line_1_31' title="bbox 353 2204 1696 2266; baseline -0.001 -15"><span class='ocrx_word' id='word_1_251' title='bbox 353 2211 588 2266; x_wconf 87' lang='lat' dir='ltr'><strong>perioribus</strong></span> <span class='ocrx_word' id='word_1_252' title='bbox 627 2204 772 2251; x_wconf 72' lang='lat' dir='ltr'><strong>seculis</strong></span> <span class='ocrx_word' id='word_1_253' title='bbox 811 2211 863 2252; x_wconf 92' lang='lat' dir='ltr'><strong>de</strong></span> <span class='ocrx_word' id='word_1_254' title='bbox 893 2211 953 2253; x_wconf 89' lang='lat' dir='ltr'><strong>Re</strong></span> <span class='ocrx_word' id='word_1_255' title='bbox 982 2211 1129 2252; x_wconf 85' lang='lat' dir='ltr'><strong>Navali</strong></span> <span class='ocrx_word' id='word_1_256' title='bbox 1164 2218 1355 2252; x_wconf 88' lang='lat' dir='ltr'><strong>veterum</strong></span> <span class='ocrx_word' id='word_1_257' title='bbox 1386 2207 1696 2251; x_wconf 60' lang='lat' dir='ltr'><strong>commentata&amp;</strong></span> 
     </span>
     <span class='ocr_line' id='line_1_32' title="bbox 348 2277 1695 2334; baseline -0.001 -12"><span class='ocrx_word' id='word_1_258' title='bbox 348 2281 450 2323; x_wconf 61' lang='lat' dir='ltr'><strong>›sunt</strong></span> <span class='ocrx_word' id='word_1_259' title='bbox 477 2279 668 2334; x_wconf 61' lang='lat' dir='ltr'><strong>mysius,</strong></span> <span class='ocrx_word' id='word_1_260' title='bbox 706 2280 963 2331; x_wconf 80' lang='lat' dir='ltr'><strong>Schefferus,</strong></span> <span class='ocrx_word' id='word_1_261' title='bbox 1014 2280 1281 2332; x_wconf 75' lang='lat' dir='ltr'><strong>meibomius,</strong></span> <span class='ocrx_word' id='word_1_262' title='bbox 1322 2281 1482 2322; x_wconf 82' lang='lat' dir='ltr'>Isaacus</span> <span class='ocrx_word' id='word_1_263' title='bbox 1518 2277 1695 2329; x_wconf 79' lang='lat' dir='ltr'><strong>Voffius‚</strong></span> 
     </span>
     <span class='ocr_line' id='line_1_33' title="bbox 357 2351 1742 2407; baseline -0.001 -14"><span class='ocrx_word' id='word_1_264' title='bbox 357 2352 536 2406; x_wconf 80' lang='lat' dir='ltr'><strong>legenda</strong></span> <span class='ocrx_word' id='word_1_265' title='bbox 553 2351 655 2401; x_wconf 86' lang='lat' dir='ltr'><strong>sunt,</strong></span> <span class='ocrx_word' id='word_1_266' title='bbox 685 2364 779 2406; x_wconf 86' lang='lat' dir='ltr'><strong>quae</strong></span> <span class='ocrx_word' id='word_1_267' title='bbox 796 2358 880 2394; x_wconf 85' lang='lat' dir='ltr'><strong>tam</strong></span> <span class='ocrx_word' id='word_1_268' title='bbox 904 2353 1077 2403; x_wconf 87' lang='lat' dir='ltr'><strong>erudite,</strong></span> <span class='ocrx_word' id='word_1_269' title='bbox 1108 2365 1228 2407; x_wconf 85' lang='lat' dir='ltr'>quam</span> <span class='ocrx_word' id='word_1_270' title='bbox 1246 2351 1457 2406; x_wconf 86' lang='lat' dir='ltr'><strong>ingeniose</strong></span> <span class='ocrx_word' id='word_1_271' title='bbox 1475 2351 1526 2392; x_wconf 86' lang='lat' dir='ltr'><strong>de</strong></span> <span class='ocrx_word' id='word_1_272' title='bbox 1547 2351 1696 2392; x_wconf 84' lang='lat' dir='ltr'><strong>eo&#39;dem</strong></span> <span class='ocrx_word' id='word_1_273' title='bbox 1737 2397 1742 2401; x_wconf 45' lang='grc'>,</span> 
     </span>
     <span class='ocr_line' id='line_1_34' title="bbox 360 2421 1696 2478; baseline -0.001 -14"><span class='ocrx_word' id='word_1_274' title='bbox 360 2429 606 2477; x_wconf 85' lang='lat' dir='ltr'><strong>argumento</strong></span> <span class='ocrx_word' id='word_1_275' title='bbox 628 2423 761 2463; x_wconf 86' lang='lat' dir='ltr'>nostra</span> <span class='ocrx_word' id='word_1_276' title='bbox 789 2424 987 2464; x_wconf 85' lang='lat' dir='ltr'><strong>memoria</strong></span> <span class='ocrx_word' id='word_1_277' title='bbox 1013 2422 1166 2478; x_wconf 74' lang='lat' dir='ltr'><strong>scripsit</strong></span> <span class='ocrx_word' id='word_1_278' title='bbox 1192 2421 1440 2465; x_wconf 71' lang='lat' dir='ltr'>doffiffimus</span> <span class='ocrx_word' id='word_1_279' title='bbox 1466 2423 1626 2476; x_wconf 86' lang='lat' dir='ltr'><strong>Leroy,</strong></span> <span class='ocrx_word' id='word_1_280' title='bbox 1653 2422 1696 2462; x_wconf 91' lang='lat' dir='ltr'><strong>in</strong></span> 
     </span>
     <span class='ocr_line' id='line_1_35' title="bbox 359 2491 1696 2548; baseline -0.002 -12"><span class='ocrx_word' id='word_1_281' title='bbox 359 2492 716 2536; x_wconf 80' lang='lat' dir='ltr'><strong>Differtationibus</strong></span> <span class='ocrx_word' id='word_1_282' title='bbox 748 2494 878 2536; x_wconf 78' lang='lat' dir='ltr'><strong>tribus</strong></span> <span class='ocrx_word' id='word_1_283' title='bbox 893 2491 972 2548; x_wconf 82' lang='lat' dir='ltr'><strong>sur</strong></span> <span class='ocrx_word' id='word_1_284' title='bbox 997 2495 1038 2535; x_wconf 81' lang='lat' dir='ltr'><strong>la</strong></span> <span class='ocrx_word' id='word_1_285' title='bbox 1067 2494 1231 2536; x_wconf 71' lang='lat' dir='ltr'><strong>Mariua</strong></span> <span class='ocrx_word' id='word_1_286' title='bbox 1249 2494 1317 2536; x_wconf 83' lang='lat' dir='ltr'><strong>des</strong></span> <span class='ocrx_word' id='word_1_287' title='bbox 1336 2492 1529 2542; x_wconf 83' lang='lat' dir='ltr'><strong>Anciens,</strong></span> <span class='ocrx_word' id='word_1_288' title='bbox 1557 2493 1696 2537; x_wconf 83' lang='lat' dir='ltr'>Tomo</span> 
     </span>
     <span class='ocr_line' id='line_1_36' title="bbox 354 2562 1695 2620; baseline -0.002 -13"><span class='ocrx_word' id='word_1_289' title='bbox 354 2563 527 2612; x_wconf 62' lang='lat' dir='ltr'>*XXXV</span> <span class='ocrx_word' id='word_1_290' title='bbox 530 2564 588 2605; x_wconf 84' lang='lat'><strong>111</strong></span> <span class='ocrx_word' id='word_1_291' title='bbox 619 2564 1023 2606; x_wconf 83' lang='lat' dir='ltr'><strong>Commentationum</strong></span> <span class='ocrx_word' id='word_1_292' title='bbox 1058 2566 1298 2606; x_wconf 82' lang='lat' dir='ltr'><strong>Academiae</strong></span> <span class='ocrx_word' id='word_1_293' title='bbox 1334 2566 1478 2620; x_wconf 83' lang='lat' dir='ltr'><strong>Regiae</strong></span> <span class='ocrx_word' id='word_1_294' title='bbox 1509 2562 1695 2607; x_wconf 81' lang='lat' dir='ltr'><strong>Parifinae</strong></span> 
     </span>
     <span class='ocr_line' id='line_1_37' title="bbox 362 2634 1696 2689; baseline -0.001 -12"><span class='ocrx_word' id='word_1_295' title='bbox 362 2635 911 2678; x_wconf 74' lang='lat' dir='ltr'><strong>Humamorum-Literarum</strong></span> <span class='ocrx_word' id='word_1_296' title='bbox 930 2636 1100 2685; x_wconf 83' lang='lat' dir='ltr'><strong>insertis,</strong></span> <span class='ocrx_word' id='word_1_297' title='bbox 1130 2635 1175 2678; x_wconf 88' lang='lat'>&amp;</span> <span class='ocrx_word' id='word_1_298' title='bbox 1193 2636 1326 2678; x_wconf 87' lang='lat' dir='ltr'>rursus</span> <span class='ocrx_word' id='word_1_299' title='bbox 1350 2637 1390 2677; x_wconf 87' lang='lat' dir='ltr'><strong>in</strong></span> <span class='ocrx_word' id='word_1_300' title='bbox 1409 2636 1547 2678; x_wconf 86' lang='lat' dir='ltr'><strong>libello</strong></span> <span class='ocrx_word' id='word_1_301' title='bbox 1564 2634 1696 2689; x_wconf 84' lang='lat' dir='ltr'>fingu-</span> 
     </span>
     <span class='ocr_line' id='line_1_38' title="bbox 359 2704 1698 2761; baseline -0.001 -13"><span class='ocrx_word' id='word_1_302' title='bbox 359 2707 461 2758; x_wconf 78' lang='lat' dir='ltr'><strong>lari,</strong></span> <span class='ocrx_word' id='word_1_303' title='bbox 503 2707 571 2748; x_wconf 89' lang='lat' dir='ltr'><strong>cui</strong></span> <span class='ocrx_word' id='word_1_304' title='bbox 600 2707 767 2748; x_wconf 66' lang='lat' dir='ltr'><strong>titulum</strong></span> <span class='ocrx_word' id='word_1_305' title='bbox 796 2707 897 2750; x_wconf 88' lang='lat' dir='ltr'><strong>fecit</strong></span> <span class='ocrx_word' id='word_1_306' title='bbox 920 2708 976 2750; x_wconf 81' lang='lat' dir='ltr'><strong>les</strong></span> <span class='ocrx_word' id='word_1_307' title='bbox 1004 2707 1184 2750; x_wconf 73' lang='lat' dir='ltr'><strong>Navires</strong></span> <span class='ocrx_word' id='word_1_308' title='bbox 1211 2707 1280 2750; x_wconf 83' lang='lat' dir='ltr'><strong>des</strong></span> <span class='ocrx_word' id='word_1_309' title='bbox 1310 2705 1505 2761; x_wconf 72' lang='lat' dir='ltr'><strong>Amicus,</strong></span> <span class='ocrx_word' id='word_1_310' title='bbox 1541 2704 1698 2748; x_wconf 65' lang='lat' dir='ltr'><strong>Parisiis</strong></span> 
     </span>
     <span class='ocr_line' id='line_1_39' title="bbox 357 2781 489 2830; baseline 0.008 -2"><span class='ocrx_word' id='word_1_311' title='bbox 357 2781 489 2830; x_wconf 70' lang='lat'><strong>¹783·</strong></span> 
     </span>
    </p>

    <p class='ocr_par' dir='ltr' id='par_1_7' title="bbox 1509 2846 1698 2891">
     <span class='ocr_line' id='line_1_40' title="bbox 1509 2846 1698 2891; baseline -0.011 0"><span class='ocrx_word' id='word_1_312' title='bbox 1509 2846 1698 2891; x_wconf 80' lang='lat' dir='ltr'>CAPVT</span> 
     </span>
    </p>
   </div>
  </div>
 </body>
</html>
