1734 3164
353 245 436 306 59⁴
790 248 1276 285 annor-anonas

155 313 334 416 ῗςςῗ
357 353 547 402 Substitit
555 352 731 414 'quidem
749 365 827 418 per
848 354 1015 411 aliquod
1040 360 1207 412 tempus
1236 369 1332 400 cum
1359 360 1548 404 exercitu
1577 362 1629 405 ad
1657 337 1711 406 n.

361 430 444 474 lam
459 429 657 483 Insulam,
686 428 804 471 alteri
821 441 871 469 ex
893 427 1110 478 fratribus,
1139 426 1211 483 qui
1230 429 1273 471 in
1292 429 1362 472 illa
1380 432 1431 473 de
1451 446 1585 488 regno
1605 432 1712 477 diffi.

361 503 535 554 debant,
561 501 766 557 suppetias
783 499 945 549 ferens3
974 498 1102 552 (vide
1119 499 1203 542 hoc
1222 514 1312 557 cap.
1332 500 1388 544 vs.
1418 515 1470 547 ιο
1489 504 1617 560 seqq.)
1636 505 1709 549 sed

361 573 406 617 id
421 574 560 616 facere
584 570 720 628 potuit
742 577 857 626 parte
878 571 1092 626 copiarum
1113 571 1288 614 fluvium
1312 571 1506 629 trajecta,
1545 577 1714 632 reliquo

360 644 548 689 exercitu
566 643 733 685 interim
752 642 796 683 in
817 640 975 683 stativis
995 649 1160 698 agente.
1218 643 1345 693 Quod
1363 642 1394 686 fi
1415 646 1542 689 etiam
1568 654 1712 693 toturn

360 710 593 758 exercituin
609 713 758 755 Isaram
775 711 936 768 trajecit
951 713 1176 767 Hannibal,
1204 715 1349 771 (quod
1368 717 1481 759 credi
1502 718 1636 772 potest
1655 730 1711 762 eo

359 783 529 832 confilio
550 782 711 836 feciffe,
751 791 799 827 ut
823 784 998 827 fluvium
1024 786 1135 828 hunc
1157 802 1181 828 a
1203 793 1327 842 tergo
1345 787 1554 841 {haberem
1591 789 1621 831 fi
1649 788 1711 833 se.

265 897 270 900 .
358 865 585 915 querentur
612 855 843 937 Romtani3)
886 869 973 898 non
999 857 1177 899 multum
1208 864 1348 901 tamen
1381 859 1531 903 deinde
1567 861 1712 905 versus

358 929 682 985 septentrionem
711 921 754 969 in
783 927 916 969 Insula
946 926 1220 983 progrefl‘um
1235 930 1402 972 videtur
1432 943 1607 986 agmen,
1638 932 1710 976 sed

357 1010 491 1057 prope
513 995 663 1042 Isaram
685 997 918 1049 substitute,
946 1013 994 1041 ac
1016 1000 1167 1041 deinde
1187 1001 1353 1043 adversa
1370 1000 1493 1057 hujus
1516 1003 1636 1047 fluvii
1654 1002 1709 1047 ri-

355 1085 410 1129 pa
430 1072 510 1114 iter
528 1068 794 1112 continuasse.
831 1067 952 1111 conf.
973 1070 1024 1111 ad
1046 1084 1135 1126 cap.
1158 1083 1267 1125 50st

171 1142 269 1184 νηΐ.
290 1144 326 1185 6.
442 1139 558 1197 Vers.
576 1140 618 1184 6.
645 1138 665 1182 ὁ
685 1135 791 1183 Ισσί
800 1155 901 1195 ραις
940 1135 1110 1196 Σκύρας
1135 1142 1282 1198 absque
1304 1144 1480 1186 articulo
1500 1144 1708 1190 cumBav.

354 1217 454 1260 dant
473 1215 538 1256 ed.
562 1226 597 1256 1.
618 1223 656 1254 2.
717 1210 830 1255 Vbi
814 1224 898 1265 jam
921 1222 1174 1254 sce-monn
1187 1215 1237 1256 ad
1256 1228 1372 1256 oram
1392 1215 1450 1257 sui
1468 1214 1562 1257 libri
1574 1217 1707 1258 adno-

352 1286 537 1331 taverat}
580 1277 778 1337 ,sinipoee-
810 1281 919 1325 Male
934 1284 1045 1337 apud
1064 1284 1229 1327 Livium
1250 1282 1413 1328 Arar.“
1443 1306 1499 1320 -—
1561 1285 1706 1336 Quum

350 1368 457 1403 vero
483 1355 771 1405 casaubonuS,
807 1351 1032 1396 lestionem
1064 1354 1231 1397 secutus
1259 1356 1369 1410 apud
1397 1357 1565 1400 Livium
1585 1357 1706 1401 XXI.

353 1437 425 1485 31.
442 1428 656 1483 vulgatum
668 1456 681 1476 ,
712 1417 844 1481 o‘’'Ap
856 1440 970 1480 αρος
990 1426 1135 1468 invitis
1153 1427 1269 1471 libris
1287 1427 1498 1480 edidiss'et,
1526 1429 1638 1484 quod
1656 1427 1704 1472 ἂ

352 1498 578 1544 tenuerunt
594 1498 636 1539 in
660 1503 859 1539 contextu
884 1497 1099 1552 sequentes
1120 1499 1301 1541 editores
1315 1526 1329 1552 ‚
1359 1500 1524 1542 monuit
1545 1501 1596 1542 ad
1610 1499 1655 1542 h.
1671 1500 1702 1543 1.

353 1580 678 1620 Gnonovrvs;
716 1582 826 1621 „non
858 1567 938 1610 esse
967 1569 1089 1624 hujus
1119 1568 1239 1612 fluvii
1273 1570 1391 1613 illum
1425 1571 1611 1623 cursum,
1651 1576 1702 1615 ut

350 1642 473 1701 poffit
500 1655 598 1686 cum
628 1640 804 1695 Alpibus
828 1638 873 1683 &
890 1640 1092 1683 Rhodano
1120 1641 1291 1683 insulam
1317 1642 1470 1686 facere.
1526 1642 1700 1698 Optime

348 1713 446 1769 [ait]
464 1711 484 1755 ὁ
504 1706 894 1767 γεωγραφικοότᾳτος
911 1710 1112 1758 Cluverus
1126 1711 1195 1755 lib.
1207 1711 1241 1755 I.
1268 1712 1360 1756 Ital.
1371 1715 1514 1770 Antiq.
1526 1726 1616 1769 cap.
1628 1724 1698 1768 33.

345 1785 411 1842 [p.
432 1781 550 1839 367.]
581 1778 741 1839 Ἰσάρας
759 1783 948 1838 reponit:
977 1782 1023 1826 δι
1049 1772 1299 1827 acutiffimus
1317 1784 1554 1827 Holstenius
1583 1797 1695 1826 erro-

346 1871 439 1901 rem
450 1853 563 1899 addit
581 1863 725 1899 natum
743 1854 975 1911 majusculis
995 1855 1126 1897 literis
1146 1853 1324 1897 confufis
1342 1858 1491 1897 CKOP
1503 1861 1590 1900 Ac,
1616 1868 1695 1910 pro

345 1933 441 1969 010
452 1933 517 1968 ΑΡ
528 1928 639 1967 AC.“
679 1948 734 1961 —-
792 1925 948 1975 Quodfi
979 1926 1178 1969 librorum
1210 1926 1452 1982 scripturam
1479 1926 1694 1980 cognitam

342 1996 574 2041 habuiffent
602 1998 840 2041 Holstenius
870 1997 915 2040 ὅτ
942 1995 1179 2041 Gronovius
1192 2027 1206 2050 ‚
1239 2009 1337 2039 cum
1364 1995 1437 2038 ista
1460 1995 1695 2050 scriberent,

345 2069 479 2112 multo
507 2069 633 2110 etiam
657 2070 828 2124 propius
850 2082 943 2110 eam
960 2070 1160 2112 accedere
1181 2068 1231 2112 ad
1253 2067 1423 2111 Cluveri
1442 2069 1694 2111 emendatio-

343 2149 443 2183 nem
464 2138 665 2182 vidissent.
724 2135 886 2197 Σκὸρας
914 2142 1025 2183 enim
1044 2155 1120 2197 per
1138 2142 1328 2183 omicron
1341 2139 1480 2185 nullus
1501 2138 1605 2180 liber
1621 2139 1690 2182 ha·

340 2210 429 2255 bet.
483 2210 673 2269 Plerique
700 2208 879 2268 Σκαίρας.
938 2210 1060 2256 Vnus
1084 2213 1181 2255 Bav.
1200 2211 1276 2265 (ὅτ
1293 2225 1345 2257 cx
1366 2225 1419 2251 eo
1437 2211 1503 2251 ed.
1527 2222 1560 2252 1.
1583 2221 1622 2253 2.
1642 2208 1689 2253 ὅτ

339 2280 582 2338 Reg.B.C.)
602 2277 772 2337 Σκῶροις
789 2285 926 2335 habet,
953 2297 1030 2339 per
1046 2297 1230 2325 errorem
1242 2281 1486 2338 permutatis
1504 2280 1636 2322 literis
1655 2295 1688 2323 ω

339 2352 390 2397 δι
408 2369 457 2402 σε,
487 2354 531 2395 in
554 2367 636 2408 quo
656 2352 699 2396 &
718 2357 826 2410 apud
850 2355 954 2397 alios
983 2354 1175 2396 austeres
1199 2352 1341 2410 paffim
1360 2357 1577 2407 peccatum
1598 2366 1621 2393 a
1639 2352 1686 2395 li.

336 2425 485 2469 brariis
502 2424 717 2466 observare
737 2434 805 2466 me
822 2425 1017 2477 memini,
1047 2425 1092 2468 ⁴&
1112 2426 1155 2468 in
1177 2425 1291 2467 libris
1313 2423 1551 2478 Polybianis
1574 2422 1683 2480 saepe

333 2495 383 2539 id
409 2494 667 2537 commiffum
701 2497 846 2538 monui
870 2498 920 2538 ad
939 2494 976 2538 Ὶ.
1008 2507 1068 2547 ¹2,
1087 2504 1128 2549 7.
1168 2496 1236 2538 Sic
1255 2493 1291 2538 1.
1319 2507 1379 2549 17,
1404 2508 1441 2547 3.
1466 2490 1683 2550 ὁρμητήρια

335 2565 437 2610 dant
451 2566 568 2620 Aug.
589 2564 633 2608 &
652 2566 819 2620 Reg-A.
839 2579 916 2622 pro
939 2565 1171 2623 ὁρμητηρίῳ.
1206 2566 1240 2608 1.
1261 2571 1329 2620 82,
1352 2578 1387 2609 ι.
1408 2562 1546 2608 ἐκάλει
1567 2568 1680 2624 Aug.

334 2651 414 2695 pro
455 2633 605 2679 ἐκάλει.
673 2637 833 2678 Eodem
872 2640 1055 2692 pertinet
1089 2633 1312 2694 Σαρδάνιον
1343 2651 1421 2693 pro
1456 2634 1680 2693 Zoepdaimov

331 2708 365 2753 Ι.
389 2721 455 2761 10,
477 2720 515 2764 5.
534 2708 675 2762 (conf.
694 2708 849 2752 Adnot.
872 2711 921 2751 ad
940 2710 970 2750 Ι.
990 2720 1060 2764 79,
1084 2712 1147 2765 5.)
1188 2710 1339 2753 Rursus
1355 2702 1540 2757 ’Άνωνες
1563 2712 1677 2766 Aug.

328 2777 386 2823 II.
414 2791 478 2834 17,
496 2791 538 2834 7.
560 2779 630 2822 ubi
653 2774 748 2821 alii'
749 2772 929 2827 Ἀνανεςι
987 2781 1044 2823 Et
1074 2796 1129 2822 τω
1157 2777 1292 2838 πόρρω
1315 2783 1427 2824 idem
1444 2781 1558 2837 Aug.
1579 2794 1675 2824 cum

324 2850 666 2907 Reg.A.11.·26,
688 2860 726 2893 2.
717 2863 816 2911 .pro
835 2846 891 2894 τοὶ
900 2847 1028 2909 πυρά.
1075 2852 1290 2909 Ceterum,
1319 2853 1412 2909 post
1433 2853 1672 2906 Cluverum‚

1570 2928 1647 2983 (11¹³
