1742 3190
111 286 291 322 e===

132 343 227 383 Vers.
246 354 279 383 2,

136 990 231 1070 ναῖ’.
255 1039 288 1080 3.

139 1458 234 1502 vers.
255 1468 287 1505 5.

135 2171 232 2213 Vers.
251 2172 284 2212 6.

307 188 394 250 276
727 200 1228 246 ΑὑΝοΤΑΤιοΝιῑε

311 314 434 358 Adde
449 303 486 356 F
484 325 616 370 ragm.
637 319 852 370 grammat.
869 311 954 356 CH.
1013 313 1140 363 Quod
1166 319 1306 356 autem
1330 313 1412 356 hoc
1439 314 1536 358 loco
1568 300 1652 357 turss

314 399 384 430 res
414 386 607 428 dicuntur
638 392 730 428 ante
750 385 933 440 porticus
944 384 1081 442 stare,
1110 385 1168 426 nil
1184 385 1378 440 impedit,
1413 398 1495 440 quo
1516 386 1656 427 minus

315 458 412 500 alibi
431 457 499 512 (ut
515 456 650 499 XXII.
675 471 687 500 ι
704 456 762 510 ι.)
778 457 966 512 porticus
985 456 1055 498 vel
1071 457 1205 499 vineae
1219 457 1448 498 anteriores
1465 456 1556 499 sunt
1571 464 1656 498 tur-

315 530 452 572 ribust
480 536 669 583 utraeque
687 528 862 569 mobiles
883 535 1022 578 erant,
1049 535 1186 569 turres
1204 524 1250 569 &
1269 527 1427 578 vineae3
1465 528 1509 568 ni
1535 529 1656 583 προσὲ

317 597 540 652 κειμένους,
571 598 799 653 adjacentes
818 598 1076 641 scribendum
1104 598 1363 653 suspicemur.
1419 597 1499 640 Pro
1526 595 1658 640 διεκσιιι..Ι

316 666 447 714 λεύειν
470 671 529 713 est
546 669 715 726 fimplex
734 664 918 713 σαλεύειν
947 670 1052 724 apud
1082 669 1250 712 Suidam
1281 669 1325 710 in
1354 664 1520 717 Στάσις.
1577 669 1659 711 Pro

317 736 539 798 βαστάζειν
556 740 653 784 Bav.
677 742 721 782 in
731 741 866 784 *textu
889 735 1122 796 βασανίζειν
1138 740 1284 791 habet,
1314 753 1366 781 ex
1386 739 1536 796 glossa,
1563 753 1659 798 qua:

318 814 432 857 nullo
454 813 580 854 modo
597 811 719 868 hujus
739 820 827 855 erat
845 813 953 855 loci:
981 813 1049 854 sed
1069 826 1168 854 vera
1184 809 1316 853 leciio*
1328 813 1370 852 in
1389 812 1574 866 margine
1592 811 1657 866 ad·

319 884 469 941 scripta
487 884 535 926 ab
555 884 701 925 eadem
717 897 855 927 manu.
910 884 1021 926 Hinc
1037 890 1253 938 utramque
1269 880 1493 925 leffionem
1510 881 1661 925 eodem

319 958 447 999 modo
467 956 664 997 exhibent
681 956 779 998 edit.
803 969 834 998 ι.
855 953 899 997 &
918 967 958 998 2.

407 1026 456 1071 V
449 1024 522 1082 ers
544 1038 582 1080 3.
609 1026 735 1076 Quod
764 1040 840 1082 pro
869 1019 1168 1081 ἐπιτηδειότητα
1193 1024 1251 1067 est
1277 1018 1630 1080 ἐπιτηδειοτάτην
1617 1037 1662 1091 ln

319 1100 417 1142 edit.
441 1111 475 1141 1.
493 1099 536 1140 id
552 1095 707 1140 fafiham
725 1111 776 1138 ex
793 1111 1009 1153 perperam
1034 1104 1207 1152 accepto
1229 1096 1440 1151 scripturae
1465 1108 1659 1150 compen-

318 1165 389 1214 dio
408 1171 451 1213 in
467 1167 552 1211 fine
571 1169 690 1210 vocis
702 1198 715 1218 ,
746 1169 789 1209 in
808 1181 890 1224 quo
910 1168 1057 1225 saepius
1077 1168 1231 1210 erravit
1249 1167 1495 1223 Obsopoeus.
1552 1164 1660 1209 Ibid.

318 1234 561 1298 διαφθοράν.
604 1234 800 1294 διαφοροέν
825 1239 1018 1283 mendose
1045 1240 1142 1281 edit.
1170 1251 1204 1282 ι.
1227 1249 1265 1281 2.
1289 1237 1334 1280 &
1351 1239 1467 1293 Aug.
1477 1237 1591 1293 *Reg.
1602 1237 1661 1290 A.

318 1312 361 1357 V
362 1326 483 1355 erum
503 1311 679 1354 restituit
709 1309 875 1354 Casaub.
904 1312 949 1353 in
974 1311 1086 1368 quod
1111 1310 1369 1353 consentiunt
1395 1310 1525 1352 ceteri
1550 1309 1661 1351 codi-

320 1397 407 1426 ceS.
435 1383 543 1424 conf.
566 1381 666 1424 vers.
685 1387 726 1433 8.

336 1448 340 1450 *
406 1450 523 1507 Vns.
546 1464 581 1507 5.
616 1447 806 1508 φυσωσης
835 1453 998 1494 correxi
1028 1465 1082 1493 ex
1108 1449 1207 1496 Vat.
1225 1451 1335 1495 Flor.
1354 1451 1470 1507 Aug.
1490 1449 1593 1508 Reg.
1605 1423 1661 1494 A.
1682 1454 1688 1460 ’

321 1518 466 1580 Vulgo
478 1519 694 1579 φυσσιόσης
705 1523 1069 1566 edebaturexBav.
1099 1523 1397 1565 Eodemmodo
1417 1523 1514 1567 vers.
1526 1529 1564 1575 8.
1583 1536 1661 1578 pro

322 1597 494 1651 vulgato
506 1596 764 1647 ἐξεφυσσᾶτο
779 1594 937 1638 restitui
957 1595 1187 1647 ἐξεφυσᾶτο
1207 1608 1257 1635 ex
1276 1594 1426 1636 eisdem
1437 1588 1664 1637 codicibus-

320 1664 427 1710 Ibid.
447 1663 514 1722 not)
532 1664 661 1708 αὐτῶν
683 1666 773 1707 τῶν.
829 1666 980 1707 Forsan
1009 1661 1075 1721 κοᾷ
1100 1661 1224 1712 adroic
1252 1661 1325 1712 τοὶς
1346 1692 1361 1699 -
1380 1691 1395 1700 ·
1413 1661 1576 1719 βάσεις,
1614 1672 1663 1708 ut

319 1734 439 1794 supra
457 1739 557 1782 vers.
571 1751 609 1781 2.
630 1733 753 1785 αὗτοές
771 1732 843 1785 ταὶς
861 1726 1137 1796 προσανώγοῖς.
1193 1735 1298 1779 Jbid.
1321 1737 1420 1779 Tria
1442 1737 1563 1779 verba
1581 1735 1660 1778 διοι-

320 1805 564 1866 σαλευὸύσης
593 1805 668 1857 τοὶς
693 1804 857 1864 βάσεις,
897 1809 941 1850 in
961 1807 1059 1852 Vat.
1079 1810 1185 1850 intra
1209 1809 1338 1850 lineas
1365 1808 1581 1863 adscripta,
1615 1809 1660 1851 in

318 1873 433 1936 Aug.
461 1880 505 1924 &
535 1882 638 1938 Reg.
656 1882 710 1924 A.
738 1879 902 1936 prorsus
923 1878 1212 1922 desiderantur.
1253 1873 1394 1933 βάσεις
1421 1877 1466 1921 &
1495 1879 1536 1922 h.
1554 1879 1582 1929 1,
1613 1878 1662 1922 &

320 1950 423 1994 vers.
441 1963 482 2008 9.
511 1965 596 1993 non
617 1959 701 1994 tam
731 1958 869 2003 rotas,
901 1952 1078 1993 maxime
1104 1952 1279 1994 turrium
1308 1949 1353 1993 &
1379 1948 1663 1994 machinarum

320 2036 417 2065 cum
425 2021 610 2074 Ernesto,
639 2023 770 2081 (conf.
787 2025 837 2065 ad
857 2023 958 2066 vers.
970 2023 1031 2076 a.)
1050 2036 1174 2078 quam
1193 2022 1362 2064 omnino
1380 2016 1491 2078 bafis
1508 2018 1660 2077 &fun-

319 2087 510 2137 «Iumenta
529 2092 799 2150 exposuerim.
830 2089 1008 2150 ἐσχέριοι
1025 2102 1158 2139 vocat.
1177 2093 1251 2137 IX.
1271 2105 1340 2148 41,
1359 2106 1398 2147 4.

403 2162 520 2218 Verfi
540 2165 580 2208 6.
607 2167 688 2213 τοῖς
709 2165 920 2221 βοηθοῦσι.
978 2165 1103 2218 Quod
1128 2165 1350 2220 πτοηθοῢσι
1379 2163 1503 2206 habet
1529 2164 1659 2206 editio

316 2232 481 2278 casaub.
499 2237 542 2278 id
565 2250 786 2292 operarum
804 2238 934 2278 errori
954 2236 1146 2288 debetur,
1177 2250 1301 2293 quern
1322 2237 1533 2292 corrigere
1548 2234 1659 2290 juffit

315 2305 401 2361 ipse
429 2305 594 2349 casaub.
626 2305 671 2349 δε
694 2316 985 2350 corlwrexetunt
1019 2309 1267 2364 posteriores
1298 2308 1494 2350 editores.
1551 2305 1659 2352 Ibid.

317 2373 378 2418 ἔτι
398 2374 479 2418 δὲ
466 2376 536 2433 τῆς
554 2378 730 2420 πολυπλ.
788 2378 856 2421 Sic
877 2380 942 2421 ed.
968 2393 1000 2421 ι.
1021 2378 1066 2421 ὅ(
1086 2381 1204 2421 codd.
1222 2379 1390 2429 omnes,
1421 2378 1657 2433 pariterque

316 2440 485 2500 Suidas,
515 2450 586 2503 qui
602 2449 744 2490 locum
761 2450 871 2491 hunc
892 2435 1102 2492 laudavit
1091 2465 1133 2491 m
1151 2445 1365 2504 Φεψοίλυὲ.
1409 2449 1657 2491 particulam

316 2514 381 2566 δὲ,
411 2530 487 2574 per
515 2533 699 2562 errorem
725 2521 767 2562 in
794 2521 891 2564 edit.
913 2532 950 2562 2.
971 2521 1172 2572 omifi'am,
1209 2521 1499 2576 praeterierunt
1529 2521 1656 2563 etiam

314 2589 531 2644 sequentes
550 2592 745 2634 editores.
792 2591 1050 2634 casaubonus
1071 2593 1236 2647 quidem
1254 2592 1344 2647 post
1371 2588 1656 2646 πολυπληθιάς

314 2658 492 2703 i‘nsuerat
511 2659 575 2709 δὲ,
612 2662 680 2703 sed
704 2663 843 2703 delere
861 2663 996 2705 rursus
1012 2662 1122 2719 Juffit
1138 2664 1181 2704 in
1201 2663 1491 2719 corrigendis,
1519 2660 1564 2705 &
1585 2662 1654 2704 de-

313 2731 418 2774 levit
437 2731 699 2784 Gronovius;
732 2747 810 2775 nos
827 2734 898 2776 suo
915 2734 1012 2779 loco
1032 2734 1298 2778 restituimus.

1533 2872 1581 2917 V
1576 2875 1649 2927 8³2(-
