1664 3210
133 211 226 246 vm
516 185 1130 243 PRAEFATIO

131 325 218 376 vit,
253 320 299 367 &
318 317 386 364 eui
405 313 458 371 ad
475 317 593 364 hune
610 313 728 365 diem
748 320 967 383 praecipua
992 315 1083 368 laus
1105 312 1310 372 debetur,
1347 312 1530 364 Fulvius

139 390 323 456 Vrfinus
345 385 427 441 est,
457 391 530 451 qui
559 387 735 453 Eclogis
765 384 819 433 de
845 385 1147 452 Legationibus
1165 404 1190 439 a
1206 382 1249 432 se
1268 380 1392 434 editis
1412 380 1528 447 adje-

137 464 195 508 cit
215 458 383 522 Polyhii
401 458 689 521 Fragmenta,
731 473 922 522 quorum
938 469 1106 504 tantum
1127 471 1365 503 numerum
1384 471 1440 501 ex
1458 470 1532 501 va.

137 533 211 577 riis
240 526 526 590 scriptoribus
546 525 752 592 congeffit
779 530 902 588 huJus
928 522 1280 580 Viriindustria,
1309 535 1358 570 ut
1374 539 1534 571 eorum

138 596 267 648 series
298 600 345 643 in
373 592 502 660 ipsius
528 593 716 648 editione
745 614 769 642 a
796 613 891 663 pag.
916 611 1028 655 229.
1057 591 1190 660 usque
1218 591 1271 640 ad
1293 609 1391 658 pag.
1416 607 1534 652 294·

141 665 354 716 decurrat.
428 665 507 714 lsta
534 679 677 716 autem
710 669 968 731 Fragmenta
989 661 1211 731 perspeche
1243 667 1299 710 ita
1325 661 1538 711 distribuit

145 735 345 794 Vrsinus,
372 751 418 785 ut
436 739 583 801 primo
603 735 705 788 loco
724 747 774 783 ea
794 732 997 790 referret,
1041 751 1134 800 quae
1163 750 1356 799 quonam
1385 749 1440 779 ex
1467 732 1537 779 Li..

142 807 223 854 bro
251 807 544 854 Historiarum
571 804 742 866 Polyhii
772 803 900 854 dusta
929 799 1061 854 essent
1091 801 1343 868 adparebat;
1378 798 1538 848 dehinc

141 889 325 943 poneret
356 880 550 930 Incerta,
583 892 677 940 quae
707 887 859 930 vocat,
890 874 1086 938 Polybii,
1116 871 1161 920 id
1182 872 1266 927 est,
1306 869 1360 922 de
1382 869 1537 936 quibus

142 943 256 994 haud
276 946 397 993 statui
419 940 538 1011 posse
558 947 738 1009 putavit,
767 961 900 1010 quern
922 939 974 991 ad
993 943 1173 991 Librum
1192 938 1326 991 effent
1348 937 1540 994 referen-

144 1013 220 1074 da,
261 1019 306 1062 ὅ(
331 1019 482 1082 primo
506 1011 683 1078 quidem
707 1031 760 1060 ex
782 1010 1000 1074 Dionysio
1026 1007 1406 1067 Halicarnassenfi‚
1441 1023 1541 1058 tum

144 1102 203 1134 ex
225 1087 460 1141 Athenaeo,
500 1080 601 1130 dein
622 1101 674 1131 ex
698 1079 827 1130 Suida
847 1081 1127 1147 largissimam
1151 1085 1351 1147 copiam,
1388 1097 1413 1128 a
1437 1095 1539 1145 pag.
1614 1080 1617 1085 ‘

147 1168 398 1213 244-274.
425 1169 563 1218 porro
592 1170 645 1200 ex
673 1154 808 1201 Libro
835 1151 1136 1214 Manuscripto
1163 1154 1334 1208 incerti,
1377 1162 1425 1197 ut
1456 1152 1542 1206 ait}

145 1235 241 1272 tum
261 1240 314 1270 ex
335 1227 555 1289 Appiano,
579 1240 633 1278 ex
652 1223 879 1278 Strabone,
907 1239 961 1270 ex
982 1221 1227 1276 Plutarcho,
1249 1238 1302 1272 ex
1317 1221 1545 1284 Stephano-

145 1296 410 1353 Byzantino,
440 1310 493 1339 ex
510 1292 732 1342 Eustathio
752 1297 796 1341 in
815 1290 1107 1352 Dionysium,
1143 1309 1195 1341 ex
1212 1291 1416 1340 Tarrhaei
1436 1292 1544 1339 Pro„

148 1361 326 1417 verbiis,
359 1379 414 1411 ex
434 1358 656 1416 Pausania,
697 1379 748 1409 ex
768 1360 940 1412 Aeliani
960 1362 1182 1418 Tacticis,
1214 1377 1268 1410 ex
1287 1357 1545 1424 Xiphilin03

145 1428 334 1496 denique
362 1449 416 1478 ex
446 1430 587 1478 latinis.
605 1428 906 1496 scriptoribus,
939 1433 1164 1486 Varrone,
1199 1433 1440 1486 Cicerone,
1476 1430 1548 1475 Li-

147 1504 247 1556 vio,
277 1498 473 1556 Velleio,
502 1499 666 1554 Plinio,
694 1500 813 1548 Aulo
846 1498 1016 1555 Gellio,
1052 1497 1228 1547 Orofio.
1287 1495 1411 1546 Idem
1442 1500 1545 1545 Fra-

148 1583 340 1636 gmenta,
362 1588 413 1617 ex
426 1566 556 1617 Suida
573 1569 770 1628 collecta,
790 1573 846 1616 ita
864 1570 1003 1617 statim
1014 1566 1235 1635 disposuit,
1256 1580 1303 1615 ut
1329 1585 1377 1615 ea
1396 1570 1548 1632 primo

151 1638 403 1700 collocaret,
435 1656 528 1703 quae
544 1639 752 1687 historicae
774 1653 894 1686 erant
915 1638 1091 1704 eclogae,
1118 1651 1214 1686 tum
1234 1654 1299 1694 ea,
1323 1654 1417 1703 quae
1435 1652 1550 1683 non-

148 1707 233 1758 nisi·
263 1705 316 1755 ad
343 1706 644 1771 illustrandum
663 1706 794 1767 usum
815 1708 936 1770 verbi
958 1708 1132 1773 alicujus
1163 1728 1188 1766 a
1215 1707 1552 1773 Lexicographo

150 1775 423 1827 adferuntur.
804 1803 806 1805 >
1383 1780 1388 1784 ”
1463 1779 1469 1783 ’

255 1850 336 1896 His
357 1848 586 1905 uberrimis
605 1844 750 1896 Vrfini
770 1851 905 1912 copiis
927 1849 984 1894 ita
1001 1843 1100 1895 usus
1121 1845 1180 1894 est
1198 1846 1372 1910 Isaaous
1393 1842 1551 1906 Castu-i

153 1920 314 1973 boum,
353 1929 426 1973 ut,
472 1929 640 1964 mutato
670 1915 873 1964 nonnihil
901 1913 1078 1972 ordine,
1123 1920 1168 1965 &
1196 1914 1369 1979 adjectis
1395 1912 1551 1980 passim

152 1990 281 2035 novis
305 1986 529 2034 nonnullis
550 1987 817 2051 Fragmentis
830 2023 844 2043 ,
871 1990 1055 2040 minime
1075 1983 1351 2051 spernendis,
1381 2001 1476 2049 quae
1494 1999 1552 2031 ex

153 2069 352 2102 veterum
382 2058 654 2121 Scriptorum
686 2056 875 2103 lectione
910 2053 999 2122 ipse
1029 2069 1276 2111 notaverat,
1311 2054 1362 2102 ab
1388 2050 1552 2101 Vrsmo

152 2121 456 2191 praetermiffa,
489 2129 741 2189 ceteroquin
762 2121 916 2172 eadem
934 2123 1046 2190 ipsa,
1093 2143 1186 2190 quae
1209 2123 1392 2172 Vrsinus
1421 2121 1555 2169 colle-

155 2207 299 2260 gerat,
345 2207 579 2259 repeteret,
623 2196 710 2242 hoc
738 2193 890 2252 titu10,
929 2197 1179 2259 Polybiane?
1207 2193 1412 2254 Historioe
1441 2194 1555 2239 Fra·

153 2273 347 2329 gmcnta,
370 2280 391 2310 e
410 2267 545 2312 variis
555 2266 842 2327 Scriptoribus
853 2264 1031 2318 coHcHa,
1048 2267 1175 2311 tacito
1188 2267 1319 2329 primi
1331 2260 1557 2311 Concele-

158 2337 218 2379 ris
237 2335 433 2380 nomine.
501 2333 646 2380 Semel
671 2338 718 2381 in
746 2346 835 2380 tota
868 2335 948 2381 hac
970 2333 1255 2391 collectione,
1287 2333 1359 2379 ubi
1389 2328 1442 2378 ad
1472 2333 1557 2380 mis

158 2414 262 2449 nuta
289 2400 362 2448 illa
389 2404 647 2466 Fragmenta
670 2406 890 2468 pervenit,
929 2420 1022 2468 quae
1057 2421 1112 2451 ex
1139 2404 1247 2450 libro
1273 2401 1558 2463 manustripto

161 2474 320 2519 Incerti
349 2467 477 2517 duna
506 2468 685 2518 Vrfinus
717 2467 906 2528 dixerat,
946 2477 1218 2519 mentionem
1239 2470 1382 2519 Vrfini
1403 2467 1557 2519 Casau-
1596 2468 1598 2470 ’

161 2539 301 2586 bonus
321 2535 447 2596 fecit3
482 2551 646 2588 temere
667 2537 960 2599 contendens,
993 2544 1156 2608 nonnist
1170 2546 1305 2590 alima
1320 2540 1412 2603 fide
1423 2537 1560 2603 fuzffo

163 2626 213 2655 ea
240 2610 291 2654 ab
321 2609 476 2673 Vrfino
504 2611 640 2668 edita,
680 2626 773 2674 quae
798 2627 915 2659 nunc
938 2629 960 2657 a
980 2607 1022 2657 se
1045 2629 1065 2659 e
1088 2612 1235 2660 Codioe
1259 2612 1468 2661 Vrbinati
1488 2606 1562 2658 de-

162 2673 318 2743 scripta
335 2677 526 2725 exhiberi
548 2683 617 2726 ait.
678 2676 790 2726 Vide
810 2676 909 2727 edit.
931 2677 1107 2728 Casaub.
1128 2699 1173 2745 p.
1190 2696 1208 2726 1
1221 2690 1316 2735 0²8
1330 2676 1391 2745 sq.
1446 2680 1562 2727 Gro·‚

164 2762 268 2794 nov.
288 2763 334 2815 p.
360 2760 451 2807 154
464 2762 482 2798 1
499 2743 560 2815 sq.
612 2747 779 2799 Ernest.
801 2750 955 2809 T.111‚
973 2767 1016 2816 p,
1033 2752 1126 2809 263
1141 2746 1204 2816 sq.
1223 2754 1270 2800 ὅ(
1288 2746 1443 2801 confer
1465 2765 1562 2814 quae

1475 2832 1560 2868 nos
