1742 3190
183 290 223 305 ..θ
259 307 262 312 v

168 317 341 334 —

365 240 448 288 29³
786 237 1283 275 annox-mmmmm

190 368 282 409 Vers
302 379 336 415 4
364 344 404 387 se
433 341 627 388 Κείῠςὶιιὲ
657 341 857 402 profefl'us
885 344 945 388 est
953 374 967 396 ‚
1017 348 1066 387 ut
1096 343 1292 400 prosaicis
1324 325 1602 400 sex-Iptoribus
1627 343 1704 388 ufi-

143 838 318 885 Veram.
330 844 361 880 8

187 1193 282 1233 Vers.
303 1205 336 1240 9.

168 1480 259 1520 Vers.
283 1490 338 1524 υ.

365 417 558 529 ῒᾶᾱιὶῖἰά.
583 484 619 529 θ
630 501 656 526 α
667 499 757 527 νασ
769 480 788 526 l
791 498 906 536 μων
963 483 1031 527 Sic
1049 483 1144 526 libri
1163 465 1332 540 omnes,
1367 492 1520 542 praeter
1539 482 1637 529 Vat.
1658 484 1704 528 &

366 556 502 602 Vrfini
531 558 739 607 codicem,
772 557 814 597 in
842 554 990 609 quibus
1022 554 1089 609 θη
1098 553 1224 609 ρασί
1226 570 1330 607 μων
1356 557 1435 599 est:
1473 556 1573 599 sed
1561 570 1604 598 m
1631 569 1705 598 ora

368 628 463 674 Vat.
482 629 575 670 haec
592 635 692 670 nota
711 627 923 682 adjicitur·
954 618 1074 675 οὑτως
1093 624 1343 679 θανασίμων.
1401 625 1508 669 Cum
1527 627 1706 682 vulgate,

369 712 464 756 quae
489 713 594 742 vera
621 699 764 754 utique
794 698 980 749 videtur,
1026 698 1229 741 consentit
1265 697 1483 749 Perottus,
1498 699 1499 702 ’
1528 696 1707 752 mortife-

367 770 527 813 barum.

453 837 565 896 Vers
580 850 617 894 5.
636 836 885 897 περιέχεταῑ.
935 837 1131 900 Mendose
1143 837 1404 896 περιέρχεται]
1416 839 1527 896 Aug.
1538 839 1706 896 Reg.A.

365 910 470 954 Ibid.
492 907 565 967 τῆν
582 906 813 964 μεσόγαιαν.
841 905 913 965 τήν
933 904 1146 962 μεσόγαιον
1165 912 1297 954 voluit
1316 909 1512 967 Scaliger.
1551 911 1623 953 Nil
1642 924 1706 952 re-

366 984 468 1033 fert;
512 990 733 1038 utrumque
765 976 878 1024 reer
907 983 1070 1025 dicitur.
1149 979 1265 1038 Vers.
1288 993 1328 1035 7.
1362 977 1442 1024 οἷπδ
1474 977 1703 1038 Δρεπάνων.

367 1054 519 1098 Rursus
548 1055 676 1110 vulgo
701 1049 780 1095 οἷπδ
800 1048 1031 1109 Δρεποίνου,
1063 1066 1114 1095 ex
1135 1046 1232 1097 Bao.
1290 1052 1406 1111 Verfi
1425 1060 1465 1107 8.
1493 1049 1707 1110 προσόδους

370 1127 591 1181 Perperam
612 1121 801 1182 προο’δους
821 1126 931 1168 Flor.

408 1209 411 1212 ⁴
457 1196 504 1240 V
498 1195 571 1252 ers.
592 1209 632 1252 9.
662 1195 864 1254 Ῥωμαίοις
897 1193 1053 1246 οἰνῶνας
1083 1189 1149 1251 καὶ
1179 1190 1385 1244 κινδύνους.
1429 1192 1582 1246 οἰνῶνας
1612 1193 1704 1238 Ῥω-

366 1263 496 1320 [ααὶοις
514 1268 611 1311 Bav.
630 1270 732 1325 Reg.
744 1270 788 1312 B.
802 1268 847 1311 C.
868 1267 912 1310 &
927 1268 1118 1310 mendose
1137 1264 1290 1318 οἷγῶνας
1310 1263 1522 1320 Ῥωμαίους
1543 1266 1641 1310 edit.
1666 1280 1702 1311 1.

367 1340 525 1382 Absunt
545 1344 682 1382 autem
703 1342 751 1382 ab
769 1341 834 1382 his
854 1341 978 1382 verba
995 1334 1061 1395 mc)
1081 1335 1296 1389 κινδύνους,
1338 1337 1492 1397 adjtha
1522 1339 1571 1381 ab
1599 1335 1703 1382 Her-

367 1425 461 1466 vag.
486 1425 538 1452 ex
556 1412 666 1467 Aug.
686 1425 782 1454 eum
798 1411 893 1456 Vat.
915 1411 1025 1453 Flor.
1045 1412 1148 1466 Reg.
1161 1412 1211 1453 A.

454 1481 501 1524 V
497 1478 569 1536 ers}
595 1495 656 1526 11.
682 1477 1219 1538 παραστρατοπεδευσοίντων
1242 1478 1348 1537 αὐτῷ
1369 1475 1580 1533 ‘Pam-caim.
1604 1476 1699 1524 ‘Sic

366 1566 462 1595 cum
485 1554 645 1608 Reg.B.
666 1556 847 1597 correxit
868 1553 1032 1597 Casaub.
1059 1549 1512 1610 παραστρατοπεδεύσας
1534 1553 1612 1595 τῶν
1634 1541 1701 1595 αὗ-

366 1626 443 1667 τῶν
464 1621 664 1677 Ῥωμαίων
688 1627 785 1667 Bav.
806 1625 850 1667 &
866 1626 963 1668 hinc
980 1627 1078 1668 edit.
1104 1639 1140 1669 ι.
1162 1637 1201 1669 2.
1257 1625 1418 1668 Eodem
1435 1621 1566 1666 'modo
1589 1625 1701 1680 Aug.

365 1695 410 1740 &
433 1699 536 1753 Reg.
551 1698 601 1740 A.
631 1695 705 1738 nifi
727 1698 837 1751 quod
862 1697 1033 1739 verbum
1062 1696 1230 1752 simplex
1260 1691 1602 1752 στρατοπεδὲύσας
1630 1697 1700 1738 ha-

365 1769 478 1811 bent.
527 1759 600 1810 ‘Ex
628 1768 738 1810 Flor.
771 1766 1007 1811 Gronovius
1044 1769 1205 1811 notavit
1246 1763 1701 1823 παραστρατοπεδεύσας

367 1840 446 1882 τῶν
464 1835 571 1895 αὐτῷ
592 1834 804 1891 Ῥωμαίων.
861 1839 924 1881 Ex
950 1836 1048 1881 Vat.
1080 1853 1204 1895 quem
1227 1852 1320 1882 cum
1344 1840 1441 1881 edit.
1462 1852 1501 1883 2.
1521 1841 1700 1882 contulit

363 1910 587 1965 Spallettus
609 1909 768 1960 noster,
797 1909 900 1951 nihil
931 1910 1168 1953 adnotatum
1195 1913 1333 1954 video.
1367 1923 1698 1967 παραστρατοπε,

365 1977 588 2024 δενσοίντων
609 1978 739 2023 αὐτῶν
758 1975 958 2032 Ῥωμαίων
977 1981 1081 2037 Reg.
1093 1981 1139 2024 C.

450 2051 555 2095 Ibid.
586 2057 629 2096 ἐν
650 2054 765 2102 ἴσως
785 2051 921 2094 πέντε.
971 2053 1027 2097 Et
1051 2053 1134 2095 hoc
1163 2067 1256 2096 cum
1276 2052 1381 2109 Reg.
1391 2054 1437 2096 B.
1448 2051 1495 2096 C.
1509 2055 1699 2106 correxit

362 2123 473 2166 idem
493 2124 658 2167 casaub.
715 2127 826 2167 Ante
845 2138 942 2173 eum
961 2123 1138 2180 impr-effi
1161 2123 1205 2167 δι
1227 2132 1391 2168 veteres
1407 2127 1527 2168 mssti
1546 2127 1589 2167 ἐν
1611 2125 1696 2182 ἴσῳ.

363 2193 428 2236 De
439 2195 558 2237 litera
576 2193 714 2250 figma,
742 2196 785 2236 in
803 2195 888 2238 fine
909 2209 1062 2237 vocum
1082 2209 1178 2237 cum
1190 2195 1279 2251 jota
1296 2183 1576 2239 subscribendo
1598 2212 1697 2240 con·

363 2265 472 2314 fusa,
496 2266 583 2320 jam
604 2266 751 2321 saepius
771 2267 867 2310 dixi.
925 2265 1035 2310 Vide
1058 2267 1210 2309 Adnot.
1233 2265 1334 2310 adl.
1361 2278 1423 2322 ις,
1449 2278 1512 2311 10.
1535 2266 1579 2311 ὅτ
1601 2269 1695 2312 loca

363 2335 420 2381 ibi
438 2337 575 2378 citata.

447 2406 553 2449 Ibid.
574 2399 658 2449 τδν
677 2422 783 2449 κατα
801 2406 919 2463 μέρος
942 2404 1150 2462 αποδουνοᾳ
1170 2403 1299 2458 λόγον.
1326 2408 1395 2451 Sic
1408 2407 1517 2464 Aug.
1528 2410 1630 2466 Reg.
1641 2411 1692 2454 A.

363 2474 537 2520 &Flor.
583 2478 732 2520 Nescio
755 2494 806 2521 an
826 2480 870 2522 &
890 2479 987 2524 Vat.
1005 2494 1029 2521 e
1049 2493 1130 2535 quo
1154 2488 1291 2521 tamen
1313 2480 1422 2522 nulla
1441 2488 1604 2523 enotata
1624 2496 1691 2525 va-

359 2548 485 2589 rietas
515 2549 595 2600 est,
633 2564 727 2592 cum
755 2552 882 2606 vulgo
918 2552 1011 2592 τῶν
1044 2546 1159 2592 κατοέ-
1180 2548 1298 2606 μέρος
1325 2552 1481 2592 editum
1511 2546 1609 2598 esset
1638 2534 1690 2594 ei:
1727 2555 1734 2559 ’

357 2615 460 2661 Bav.
518 2615 587 2661 τὸν
615 2621 741 2663 etiam
773 2636 823 2662 ex
858 2623 1028 2677 ingenio
1062 2623 1242 2663 correxit
1272 2621 1469 2677 Scaliger.
1534 2621 1690 2665 Pariter

359 2686 623 2741 imisluvs,
661 2691 855 2746 ignerans
885 2694 1050 2746 quidem
1077 2693 1232 2734 codicis
1267 2693 1491 2748 Augustani
1521 2693 1688 2749 scriptu-

357 2772 469 2811 ram,
498 2774 619 2816 quarn
649 2763 902 2816 praeterierat
923 2765 1135 2806 Boeclerus
1154 2765 1195 2804 in
1215 2762 1477 2806 Leffionibus
1500 2765 1693 2819 Polybia-'

353 2828 444 2873 nis:
504 2832 672 2885 „Malim
694 2828 786 2884 τὸν,
817 2835 886 2878 ait.
944 2835 1052 2878 Nam
1081 2836 1231 2877 dicitur
1252 2832 1272 2877 ὅ
1292 2831 1536 2892 κατοὲᾲιέρος-
1554 2831 1685 2885 λόγος,

392 2912 396 2915 ’
957 2918 959 2922 ’
1559 2908 1684 2957 ratio,
