1742 3190
91 302 187 341 Vers.
207 311 261 347 15.

87 2449 190 2489 vers.
211 2450 266 2488 16.

297 161 383 217 368
661 160 663 163 ’
721 175 1218 217 Δυιςοτᾼτιοπιιε

290 278 428 320 kelius
456 278 622 333 quidem
655 274 816 320 Arbam
844 278 1061 334 intelligit,
1099 280 1320 323 Scardonae
1344 281 1490 325 insulae
1519 281 1636 337 oppi-

293 351 418 403 dum,
442 349 670 391 Ptolemaeo
693 350 1054 391 memoratumlib.
1072 350 1125 391 Π.
1141 360 1242 394 extr.
1264 352 1308 394 &
1329 354 1457 395 Plinio
1470 355 1545 397 III.
1567 364 1636 405 2¹⁴,

293 432 361 475 25.
394 421 464 475 qui
490 427 630 462 tamen
656 420 782 475 ipfam
809 421 961 462 Arbam
991 421 1161 463 insulam
1190 423 1390 477 perhibet.
1447 425 1550 475 Sed,
1587 433 1634 467 ut

290 499 452 535 taceam
472 492 651 532 nominis
674 491 1004 546 discrepantiam,
1031 493 1143 533 Arb'a
1161 492 1231 535 ista
1251 494 1458 536 Liburniae
1478 496 1559 546 est,
1584 495 1630 539 &
1696 511 1706 525 s

290 562 460 618 longius
488 563 536 604 ab
569 561 643 604 Iss'a
670 561 1005 618 septemtrionem
1030 563 1169 606 versus
1198 563 1297 616 fita,
1323 565 1466 620 'quam
1493 575 1540 610 ut
1562 567 1633 609 hic

294 635 516 677 commode
535 634 721 688 .intelligi
751 633 883 688 poffit.
952 633 1066 676 Situs
1096 637 1200 677 ratio
1233 635 1449 679 Naronam
1480 639 1633 689 suadet,

292 706 389 749 satis
410 713 550 756 notam
571 705 787 747 Dalmatiae
806 705 963 756 urbem,
992 720 1043 746 ex
1065 707 1229 748 adverso
1251 707 1370 750 Phari
1390 709 1456 751 vel
1475 709 1633 751 Phariae

292 777 435 820 insulae
456 777 731 831 haud‘procul
752 791 774 817 a
794 778 897 817 mari
917 776 1055 826 fitam3
1088 779 1220 832 (conf.
1243 779 1344 822 Plin.
1363 778 1438 822 ΠΙ.
1458 789 1524 830 22,
1547 766 1634 832 26.)

293 861 390 905 quae
415 862 510 891 cum
529 848 636 903 apud
659 848 932 889 Ptolemaeum
949 848 1016 890 lib.
1029 848 1143 892 Vm.
1162 847 1201 905 p'.
1221 861 1317 904 227.
1340 850 1460 904 (edit.
1480 850 1522 892 Ρ.
1538 851 1636 892 Ber·

293 912 410 974 tiiffn‘
431 914 603 975 Νάρωνικ
625 919 804 969 dicatur,
835 921 940 974 apud
972 923 1161 963 eumdem
1189 922 1463 964 Ptolemaeum
1490 921 1560 965 lib.
1581 921 1636 968 H.

293 1005 333 1033 c.
360 1003 423 1043 17.
443 1005 484 1045 p.
504 991 571 1033 60.
603 985 796 1045 Νωρβανοὶ
817 990 1010 1039 κολωνία,
1042 991 1087 1034 &
1115 993 1156 1033 in
1188 993 1492 1048 probatioribus
1521 994 1634 1035 codi-

294 1063 413 1103 cibus
434 1064 502 1116 (ut
527 1064 689 1103 monuit
709 1061 945 1118 Wefl'eling.
966 1065 1016 1104 ad
1036 1065 1238 1106 Antonini
1255 1064 1442 1108 Itinerar.
1462 1077 1502 1120 p.
1516 1065 1634 1118 338.)

292 1131 499 1189 Ναρβῶνα
531 1131 723 1188 ἐπίσημος
755 1133 925 1176 κολωνία
956 1135 1162 1184 scribitur3
1202 1134 1288 1176 five
1317 1136 1428 1191 quod
1456 1145 1634 1191 utroque

295 1207 445 1256 modo,
474 1205 674 1247 Narbona
692 1205 738 1247 &
760 1205 954 1255 Narona,
994 1207 1203 1248 nominata
1228 1207 1374 1257 fuerit3
1411 1206 1495 1248 five
1522 1208 1635 1262 quod

295 1276 664 1332 (quemadmodum
686 1277 904 1332 suspicatur
918 1276 1116 1319 Cellarius
1127 1277 1226 1319 Orb.
1238 1267 1337 1320 Ant.
1349 1278 1402 1320 ΙΙ.
1414 1283 1453 1328 8.
1464 1292 1503 1334 p.
1513 1277 1633 1331 620.)

297 1349 518 1390 oscitanter
535 1348 689 1391 librarii
709 1349 904 1404 gallicum
930 1362 1081 1391 nomen
1102 1350 1146 1390 in
1160 1348 1409 1391 Dalmatiam
1426 1350 1636 1392 transtule-

295 1420 393 1462 rint.
452 1418 664 1475 Quidquid
681 1420 731 1464 fit
747 1453 757 1471 ,
780 1419 831 1472 fi,
860 1405 909 1462 u't
930 1421 1043 1461 credi
1063 1420 1218 1475 potest,
1243 1421 1503 1464 librariorum
1517 1423 1552 1463 is
1572 1434 1635 1463 er·
1652 1473 1657 1486 ‚

296 1504 368 1533 ror
397 1491 479 1543 est,
515 1494 623 1534 unde
648 1493 697 1546 in
719 1492 935 1533 Ptolemaei
969 1493 1137 1532 codices
1167 1489 1347 1547 irrepfit,
1384 1493 1562 1535 indidem
1591 1494 1636 1535 in

295 1562 548 1618 Polybianos
569 1564 706 1619 potuit
725 1564 890 1604 intrare.
950 1561 1075 1611 Quod
1097 1571 1237 1605 autem
1263 1564 1409 1606 initiali
1435 1564 1561 1607 etiam
1588 1564 1636 1606 li-

298 1643 390 1678 tera
406 1643 640 1677 truncatum
657 1648 809 1676 nomen
827 1635 935 1690 apud
962 1634 1184 1689 Polybium
1207 1634 1288 1685 est,
1316 1634 1359 1677 id
1388 1635 1554 1690 quidem
1581 1649 1634 1677 eo

297 1707 436 1748 minus
453 1707 617 1748 turbare
635 1720 712 1748 nos
733 1707 855 1762 debet
865 1736 876 1756 ‚
905 1706 1235 1760 quandoquidem
1251 1705 1343 1748 haec
1358 1706 1477 1748 litera
1495 1705 1636 1749 sunnis

296 1779 339 1819 ei
362 1775 464 1828 fuit,
500 1778 543 1818 in
573 1791 695 1832 quam
724 1775 868 1819 definit
893 1779 972 1820 vox
999 1778 1252 1832 praecedens.
1307 1777 1399 1820 Imo
1430 1776 1636 1828 PerottuS‚

295 1849 368 1904 qui
390 1849 588 1891 Narbona
607 1849 648 1890 h.
664 1849 690 1890 l.
712 1846 886 1903 scripfit‚
917 1843 986 1888 τὸν
1010 1843 1216 1903 Νάρβωνα
1235 1850 1277 1890 in
1298 1849 1369 1890 suo
1401 1838 1548 1891 codice
1573 1850 1637 1892 in·

294 1919 450 1967 venisse
471 1922 648 1963 videtur.
705 1918 830 1969 Quod
859 1933 959 1961 vero
985 1921 1137 1974 pariter
1167 1919 1397 1975 Stephanus
1423 1921 1524 1975 Byz.
1553 1920 1636 1963 abss-

299 2005 381 2048 que
400 1994 517 2034 litera
536 1991 576 2033 N
594 1992 713 2033 initio
731 1991 850 2033 vocis
869 2004 1019 2032 nomen
1042 1991 1124 2032 hoc
1144 2004 1197 2032 ex
1207 1991 1384 2046 Polybio
1402 1991 1562 2042 retulit,
1591 1991 1635 2037 id

296 2065 464 2119 quidem
494 2064 593 2104 nihil
622 2063 754 2112 aliud,
789 2060 861 2103 nifi
893 2069 1079 2104 veterem
1107 2062 1187 2105 effe
1206 2064 1317 2105 hunc
1338 2075 1545 2113 errorem,
1573 2077 1635 2105 ar-

295 2135 413 2191 guit:
451 2133 524 2176 nifi
541 2130 666 2176 etiam
685 2134 761 2175 hac
792 2141 909 2188 parte
938 2134 1140 2176 diversum
1164 2133 1280 2176 fuifl'e
1308 2141 1495 2176 veterum
1518 2134 1636 2178 usum

297 2206 347 2248 ab
370 2205 441 2248 usu
462 2206 692 2260 sequiorum
711 2211 947 2257 temporum
973 2206 1218 2255 statuarum,
1248 2211 1315 2255 ut,
1345 2218 1438 2260 quae
1458 2206 1636 2248 Narona

294 2278 392 2320 dein
414 2276 522 2319 dieta
543 2278 642 2326 fuit,
681 2276 826 2317 eadem
854 2274 998 2318 Arona
1025 2277 1090 2320 vel
1117 2274 1287 2319 Arboua
1304 2284 1375 2319 aut
1395 2275 1539 2319 Arbon
1559 2277 1638 2318 Po-

295 2349 401 2406 lybii
421 2355 545 2391 aetate
565 2348 692 2390 fuerit
712 2348 935 2390 nominata.

386 2445 502 2503 Vers.
531 2447 591 2489 16.
620 2444 661 2488 ‘P
673 2442 815 2501 ι’ζονοι
847 2445 895 2488 &
926 2444 968 2489 ‘P
980 2441 1117 2502 ίζονι.
1176 2446 1437 2490 Praeferenda
1471 2447 1635 2490 videtur

292 2520 421 2563 altera
442 2520 657 2575 scriptura,
686 2516 729 2559 ‘P
738 2514 820 2573 ἵζω
833 2533 890 2558 να
910 2517 955 2559 &
977 2516 1019 2559 ‘P
1029 2513 1178 2574 ίξωνι.
1222 2516 1344 2559 Certe
1365 2517 1634 2573 apud-steph.

290 2593 394 2647 Byz.
418 2590 573 2646 gentile
600 2603 750 2631 nomen
774 2585 1030 2646 ὅῬιζωνίτ-ης
1057 2590 1268 2638 scribitur3
1303 2588 1347 2630 δι
1366 2590 1471 2644 apud
1495 2589 1632 2630 Ptole-

289 2677 445 2707 maeum
465 2657 680 2718 Ῥιζωνικός
705 2656 861 2707 κόλπος.
922 2660 1004 2702 Sed
1024 2660 1156 2702 rursus
1175 2661 1281 2714 apud
1302 2658 1543 2701 Strabonem
1562 2659 1631 2701 lib.

289 2731 387 2786 vn.
404 2748 446 2792 p.
466 2718 563 2790 314·
582 2731 602 2775 ὁ
620 2729 826 2790 Ῥιςὸνικός
844 2727 990 2787 κόλπος
1007 2732 1121 2787 per‘o
1139 2734 1261 2776 breve
1281 2733 1409 2797 vulgo
1425 2729 1610 2773 effertur.

1510 2839 1630 2886 Verr.
