1664 3210
128 157 307 250 gwy,
524 186 1135 245 PRAEFATIO

125 309 453 371 fuerat'fraudi.,
486 331 589 360 cum
611 330 781 361 errores
811 316 858 360 in
874 310 1157 378 'Hagenoenfi
1178 309 1395 373 editione,
1433 313 1524 366 five

125 388 290 436 incuria
301 381 491 438 editoris,
509 381 596 430 five
610 400 844 448 operarum
857 381 983 448 culpa
1006 379 1227 441 admissos,
1247 402 1330 450 pro
1344 383 1523 434 Codicis

126 450 404 518 manuscripti
424 452 677 500 lestionibus
700 452 888 509 haberet,
919 456 965 499 ὅ(
986 455 1088 499 huic
1109 452 1241 500 veluti
1261 451 1520 503 fundamen.

96 544 99 558 ³
126 540 174 574 to
198 521 522 571 emendationes
551 518 877 587 superstrueret,
914 538 1016 587 quas
1045 521 1201 570 alienas
1231 520 1315 570 ess'e
1341 518 1520 590 prorsus

127 599 174 643 &
201 591 488 642 fundamento
517 608 662 638 carere
693 587 992 657 perspecsturus
1021 604 1136 650 erat,
1156 589 1200 639 'fi
1231 596 1392 641 erroris
1422 587 1520 643 cau}-

124 662 220 715 sam
239 665 458 727 cognitam
477 656 696 707 habuiffet.
1425 699 1428 705 ,
1504 701 1510 708 ,

229 736 279 779 In
296 731 369 778 illa
390 743 509 795 parte
529 727 874 777 Adnotationum
901 728 1171 787 nostrarum,
1211 746 1306 797 quae
1333 733 1522 796 pertinet

125 798 180 848 ad
203 805 416 847 rationem
439 796 705 846 reddendam
734 803 822 860 ejus
855 798 1099 856 Lectionis,
1139 818 1232 866 quae
1261 817 1284 846 a
1314 799 1440 862 nobis
1472 804 1519 848 in

125 871 394 918 Contextum
421 882 589 933 recepta
615 868 698 925 est,
734 865 913 914 subinde
941 866 1118 926 accidit,
1152 882 1224 927 ut,
1258 886 1362 916 cum
1381 866 1521 917 vindi·
1567 911 1586 927 „v

126 935 222 990 care
236 934 590 986 constituiffemus
603 935 663 995 id,
689 935 807 1002 quod
819 937 959 995 nobis,
978 956 1116 1003 quum
1136 951 1389 1003 contextum
1402 942 1518 1004 typis
1582 993 1584 995 ,

123 1025 399 1076 pararemus,
436 1007 675 1072 placuerat,
705 1024 845 1064 nune,
883 1025 930 1054 re
959 1011 1118 1055 iterum
1147 1012 1391 1074 iterumque
1411 1025 1517 1067 con-

123 1076 325 1134 fiderata,
357 1081 402 1123 in
422 1076 549 1123 aliam
567 1092 735 1142 partem
758 1073 1031 1142 propendere
1050 1075 1270 1127 videretur
1288 1077 1520 1143 probabili*

123 1153 246 1204 tatis',
280 1150 496 1194 autetiam
517 1160 640 1194 certae
660 1150 845 1194 veritatis
867 1149 989 1194 ratio.
1049 1145 1183 1214 Qod
1202 1147 1275 1194 ubi
1295 1147 1422 1194 nobis
1436 1143 1518 1204 usu

125 1221 258 1273 venit,
289 1234 382 1263 non
403 1217 590 1263 cunstati
608 1213 754 1263 sumus
775 1233 971 1270 errorem
992 1230 1063 1264 aut
1080 1213 1452 1283 praecipitandam,
1482 1214 1519 1264 fi

126 1304 208 1352 qua
229 1303 311 1332 nos
335 1285 444 1332 olim
466 1285 665 1350 abreptos
694 1285 1056 1350 intelligeremus,
1094 1291 1282 1352 ingenue
1302 1286 1517 1352 profiteri,

124 1361 171 1403 &
190 1360 278 1416 ejus
299 1358 445 1420 partis,
474 1373 566 1420 quae
586 1373 704 1400 nunc
726 1372 832 1401 vero
846 1355 970 1401 nobis
988 1360 1173 1421 propior
1185 1353 1423 1413 videbatur,
1443 1352 1517 1403 de-

125 1423 373 1473 fensionem
392 1438 542 1471 contra
565 1421 622 1480 id,
643 1421 761 1489 quod
785 1424 892 1471 olim
911 1425 1266 1490 probaveramus,
1288 1422 1515 1490 suscipere.

124 1497 182 1542 Et
195 1498 252 1540 ita
261 1491 436 1558 quidem
449 1491 562 1539 haud
573 1493 786 1540 illibenter
797 1494 1106 1552 intelleximus,
1126 1497 1212 1542 hoc
1222 1492 1516 1542 commodum

126 1564 410 1624 conjunctum
434 1559 515 1609 esse
539 1580 639 1609 cum
662 1563 734 1610 illa
755 1561 1135 1620 incommoditate,
1164 1582 1257 1630 quae
1280 1582 1333 1611 ex
1351 1559 1515 1629 separa-

127 1636 245 1680 tione
259 1630 603 1679 Adnotationum
622 1632 673 1678 ab
692 1631 784 1698 ipso
801 1636 1022 1683 Contextu
1043 1633 1284 1692 oriebatur3
1314 1635 1376 1690 ut,
1406 1630 1515 1680 dum

127 1705 174 1750 in
194 1720 267 1755 ea,
297 1719 389 1765 quse
410 1702 520 1747 olim
539 1699 806 1765 scripsimus,
834 1702 1261 1757 commentabamur‚
1295 1700 1423 1749 fimul
1441 1695 1514 1748 da..
1576 1754 1583 1759 ⁴

126 1784 245 1818 retur
265 1770 389 1816 nobis
405 1768 848 1818 occafiorretracstandi
869 1789 932 1828 ea,
963 1789 1054 1837 quae
1079 1776 1222 1819 minus
1241 1773 1357 1818 recle
1376 1769 1514 1836 pofita

126 1853 230 1887 tunc
258 1839 381 1885 nobis
410 1837 682 1895 excidissent,
723 1854 814 1895 aut,
863 1858 956 1905 quae
987 1844 1161 1888 interim
1191 1838 1513 1888 observavimus

125 1922 278 1957 notatu
298 1905 451 1972 digna,
487 1926 579 1974 quae
607 1908 707 1959 tunc
728 1927 808 1955 nos
831 1914 1143 1974 praeterierant,
1171 1907 1409 1972 adjiciendi.

228 1975 406 2025 Profeffi
426 1996 595 2024 eramus
617 1983 660 2024 in
670 1976 923 2025 Praefatione
943 1980 1083 2026 Tom.
1096 1983 1127 2027 1.
1147 1996 1244 2044 pag.
1259 1997 1409 2028 van.
1428 1973 1514 2038 nos

125 2046 222 2111 post
253 2064 322 2101 ea,
365 2063 457 2111 quae
491 2051 541 2094 de
572 2050 790 2096 Codicihns
817 2049 1070 2111 Polybianis
1098 2052 1143 2095 in
1179 2046 1331 2095 eadem
1358 2045 1514 2095 Praefa-

125 2119 245 2161 tione
257 2130 385 2179 apag.
401 2114 697 2180 xxx11.usque
710 2135 752 2182 p.
765 2136 875 2165 Lvn.
889 2115 1092 2173 diximus,
1106 2117 1333 2175 nonnulla,
1353 2115 1407 2164 ad
1420 2113 1513 2164 eos·
1566 2174 1574 2178 ‚

125 2181 229 2230 dem
250 2181 435 2231 Codices
455 2189 732 2249 pertinentia,
772 2191 817 2232 in
839 2190 1019 2233 Introitu
1039 2185 1387 2235 Adnotationum
1410 2203 1514 2234 enu-

126 2253 300 2300 cleatius
336 2250 417 2299 esse
447 2252 729 2318 exposituros⁸
800 2253 883 2302 Sed
916 2256 1030 2303 illius
1059 2254 1236 2322 quidem
1266 2253 1512 2321 disputatio-

124 2326 191 2370 nis
217 2319 341 2367 facile
373 2323 496 2368 nobis
524 2328 705 2386 gratiam
743 2321 902 2371 facient
940 2325 1133 2390 plerique
1174 2327 1405 2373 Lec‘lores:
1449 2328 1512 2381 &,

126 2391 278 2455 quibus
298 2388 341 2436 id
360 2400 470 2437 curae
493 2392 574 2447 est,
607 2396 662 2447 ii,
694 2411 789 2457 quae
810 2391 862 2439 ad
883 2399 1061 2459 propius
1083 2392 1432 2459 cognoscendam
1450 2395 1513 2455 ju·-

125 2457 438 2523 dicandamquc
457 2459 617 2507 codicis
637 2460 837 2524 cujusque
862 2468 1078 2510 rationem
1096 2468 1310 2528 pertinere
1338 2460 1511 2510 videan-

125 2541 220 2585 tur,
256 2546 348 2574 non
372 2526 515 2575 solum
545 2547 625 2594 per
647 2527 687 2576 se
708 2530 784 2594 ipss
805 2533 1013 2580 notabunt
1042 2532 1117 2579 fibi
1142 2552 1195 2580 ex
1217 2537 1276 2580 eis
1296 2534 1510 2580 Led'tioni-

124 2596 226 2652 bus,
261 2615 362 2662 quas
384 2616 407 2643 e
429 2615 601 2663 qnoque
623 2599 786 2646 Codice
812 2601 959 2648 relatas
984 2606 1028 2649 in
1052 2600 1413 2650 Adnotationibus
1441 2599 1512 2660 vel

123 2668 171 2712 in
191 2667 372 2713 Scholiis
402 2665 524 2713 infra·
543 2682 790 2715 contextum
807 2668 1159 2735 ¹deprehendent3
1195 2689 1350 2718 verum
1380 2674 1515 2717 etiam

122 2734 261 2784 multa
276 2735 430 2802 passim
453 2742 499 2783 in
517 2734 704 2803 ipsarum
726 2736 1071 2790 Adnotationum
1093 2737 1218 2789 cursu
1244 2738 1298 2787 de
1316 2734 1513 2807 professo

435 2833 438 2835 ·
731 2824 734 2826 ·
1465 2825 1514 2856 m
