1742 3190
69 282 245 307 m

70 306 243 318 ·--—--a-—-⁴

89 342 184 381 vers.
203 350 235 386 9.

68 745 164 787 Vers.
178 728 200 780 x1
208 752 239 780 1.

67 1313 160 1355 Verr.
184 1323 238 1354 12.

272 197 372 247 180⁴
657 200 1188 238 'anuo-rainerum

271 307 508 365 compofitis
541 308 784 364 plerumque
820 310 1046 365 praeferunt
1080 309 1228 364 optimi
1254 308 1406 364 qquue
1435 304 1606 350 codices
1633 306 1644 325 ³

270 381 416 430 nostri,
452 380 682 423 constanter
700 381 851 435 ubique
871 381 1182 436 repraesentavi,
1223 392 1321 421 cum
1345 380 1393 421 ab
1423 389 1471 420 ea
1498 379 1608 433 saepe

270 442 525 494 disceffifl‘ent
561 452 756 494 editores,
814 451 968 493 Confer
1003 440 1298 495 Valkenarium
1332 452 1382 492 ad
1416 447 1607 492 Phoeniss'.

270 521 371 566 vers.
392 522 513 580 1396.
543 521 586 564 &
615 523 685 577 qui
719 523 775 563 ibi
801 520 1017 564 laudantur
1046 520 1248 564 auctores.
1280 524 1492 575 γινομένης
1516 521 1559 563 h.·
1577 520 1607 563 1.

270 590 394 637 habe't
415 595 512 636 edit.
539 607 571 635 ι.
593 607 643 634 ex
662 594 762 635 Bav.
793 597 1014 648 γενομένης
1035 605 1254 649 operarum
1275 603 1416 634 errore
1444 592 1544 634 edit.
1566 602 1622 632 πω

258 664 425 708 &inde
444 665 614 720 reliquae
634 665 850 708 editiones,

357 735 407 779 V
401 734 473 791 ers.
499 750 561 778 ιι.
593 730 689 778 οὔτε
706 731 872 783 πλείους
893 733 1070 787 α’·γῶνοις.
1105 734 1396 777 Desiderantur
1413 733 1492 775 tria
1507 731 1602 774 haee

270 808 397 851 verba
423 807 466 848 in
494 808 591 849 edit.
618 805 802 855 Gronov,
830 808 1048 863 operarum
1076 807 1208 862 culpa.
1236 802 1405 852 πλείους
1431 804 1608 846 scribere

266 874 433 934 jusserat
451 877 643 929 Vrfinus,
669 892 721 920 ex
746 880 924 934 ingenio,
953 889 1001 921 ut
1029 880 1106 920 ait:
1147 879 1257 933 quod
1281 876 1326 919 ἃ
1355 875 1541 930 Scaliger
1564 874 1608 915 in

270 963 345 991 ora
361 950 419 990 sui
437 949 529 990 libri
548 951 772 1009 adnotavit.
810 950 865 993 Et
882 949 936 992 fic
952 951 1082 992 edidit
1099 949 1262 991 casaub.
1283 951 1377 990 cum
1391 943 1610 1001 Reg.B.C.
1631 950 1638 953 ”

267 1020 446 1071 Nescio,
472 1021 581 1061 unde
602 1021 643 1062 in
661 1028 826 1063 veteres
845 1023 1012 1063 codices
1033 1034 1178 1062 omnes
1198 1016 1421 1065 πλείστους
1440 1017 1606 1072 irrepse-

274 1091 350 1141 rit,
378 1092 488 1145 quod
505 1091 645 1132 locum
663 1093 772 1133 tueri
789 1093 903 1134 nullo
929 1093 1055 1134 modo
1074 1092 1220 1146 potest.
1279 1090 1475 1133 Similiter
1503 1101 1604 1130 vero

271 1161 316 1204 δε
333 1163 364 1204 Ι.
378 1173 441 1216 59,
457 1161 500 1205 6.
522 1158 574 1204 ro*
593 1160 791 1204 πλεῖστον
811 1163 868 1205 est
887 1163 930 1204 in
939 1162 1053 1217 Aug.
1065 1161 1108 1204 &
1120 1162 1287 1218 Reg.A.
1302 1156 1377 1218 pro
1397 1156 1450 1204 ‘ro'
1461 1156 1606 1202 πλὲἷον

271 1234 382 1288 quod
405 1235 501 1275 dant
521 1235 662 1275 ceteri.
719 1234 784 1275 De
800 1247 845 1274 re
863 1234 1006 1275 confer
1021 1234 1054 1275 I.
1074 1233 1143 1286 63.

359 1302 474 1359 Vers.
500 1316 560 1346 12.
587 1301 702 1345 αὕτ’-α’
721 1321 770 1347 τε
789 1302 847 1347 roe*
869 1301 1161 1357 πολιτεύματα
1181 1329 1196 1338 -
1211 1326 1228 1336 ·
1245 1331 1260 1339 -
1280 1307 1430 1360 μέτριοι
1452 1302 1495 1345 δὲ
1513 1300 1606 1349 τοίἶς

273 1371 440 1428 τύχαις.
468 1373 560 1430 ipsa
578 1388 729 1431 quoque
743 1373 967 1431 rzfioublicae
986 1407 997 1418 .
1017 1407 1027 1418 .
1044 1401 1060 1418 ».
1068 1375 1255 1431 fortunis
1271 1374 1496 1418 mediocres.
1539 1374 1610 1416 Ad

270 1446 362 1487 haec
383 1458 646 1488 CASAVBON
657 1460 734 1489 vs:
794 1447 909 1498 „Imo
933 1461 1032 1491 vera
1055 1447 1212 1489 diversa
1232 1454 1349 1489 erant
1368 1446 1608 1488 conditione

269 1518 363 1559 dnae
381 1517 464 1558 illae
483 1517 734 1572 respublicae.
795 1514 902 1560 Nam
919 1519 1116 1560 Romanae
1136 1519 1302 1574 quidem
1327 1518 1406 1559 flos
1425 1517 1470 1560 &
1489 1511 1606 1572 οἱκμῆ

268 1595 368 1630 tunc
389 1590 589 1643 temporis
609 1589 854 1644 incipiebat3
881 1589 1278 1645 Carthaginiensibus
1299 1602 1401 1634 vero,
1419 1589 1607 1630 immine·

269 1660 340 1701 bat
359 1655 384 1714 η’
402 1655 625 1714 παρακμή,
654 1659 698 1701 &
715 1661 927 1715 paullatim
946 1661 1141 1715 gliscebat
1165 1674 1329 1701 morum
1356 1661 1530 1702 mutatio
1560 1658 1606 1702 &

267 1731 532 1784 ingeniorum
551 1739 672 1785 atque
696 1732 882 1772 omnium
907 1745 1059 1773 rerum.
1118 1731 1224 1776 Vide
1251 1715 1471 1785 Polybiurn
1499 1730 1603 1771 libro

269 1799 371 1844 VL⁶⁶
397 1821 454 1832 —-
510 1800 572 1843 At
592 1802 647 1843 ibi
671 1800 764 1854 (VI.
786 1803 874 1856 51.)
900 1804 950 1844 de
969 1810 1156 1858 tempore
1179 1802 1276 1843 belli
1291 1798 1447 1843 'Punici
1463 1800 1517 1842 ΙΙ.
1544 1801 1601 1842 lo-

269 1871 409 1927 quitur
427 1872 648 1927 Polybius,
680 1874 838 1928 aitque,
864 1888 915 1915 eo
934 1881 1122 1928 tempore
1140 1875 1182 1915 in
1197 1873 1354 1915 summo
1365 1872 1470 1913 flore
1487 1870 1603 1913 suifl'e

266 1943 562 1997 rempublicam
601 1945 825 1986 Romanam
838 1977 851 1997 ,
903 1944 1277 2000 Carthaginiensem
1326 1956 1428 1984 vero
1476 1942 1603 1984 deflo-

268 2013 427 2054 rescere
452 2013 618 2068 coepiss'e
642 2013 686 2056 &
703 2015 811 2069 quafi
828 2016 1046 2058 senescere.
1103 2016 1172 2057 Ad
1195 2011 1319 2056 verb‘a
1336 2018 1485 2068 μέτριοι
1508 2010 1603 2061 ταῖς

269 2079 424 2136 τύχαις
445 2085 535 2127 haec
554 2086 716 2127 monuit
737 2099 1051 2130 GRONovlvs:
1096 2085 1315 2138 „Vertitur
1321 2083 1509 2140 fortunis
1526 2098 1604 2126 me-

267 2154 434 2197 diocres.
492 2155 616 2204 Quod
643 2158 694 2211 de
719 2158 913 2199 Romanis
944 2158 1075 2213 pofl'et
1100 2158 1260 2199 admitti
1269 2171 1282 2206 3
1315 2158 1365 2198 de
1391 2155 1602 2210 Carthagi-

268 2226 472 2267 nienfibus
491 2229 559 2281 qui
582 2235 728 2281 queat,
755 2242 840 2269 non
860 2229 1010 2282 liquet,
1041 2242 1167 2283 quum
1194 2227 1307 2269 nullo
1335 2234 1524 2282 tempore
1550 2225 1602 2281 (fi

268 2297 317 2339 ab
335 2296 573 2339 Hannibalis
591 2299 633 2339 in
650 2298 766 2342 Italia
786 2300 999 2340 dominatu
1020 2298 1261 2351 discesseris)
1282 2298 1436 2339 fuerint
1456 2305 1602 2352 poten-

266 2366 419 2417 tiores3
462 2370 614 2424 quippe
638 2370 803 2419 Africa,
843 2378 929 2411 tota
953 2384 1075 2424 paene
1100 2369 1257 2418 Sicilia,
1291 2369 1433 2410 multis
1460 2368 1600 2423 Hispa-

264 2439 348 2479 niae
366 2439 574 2493 partibus,
609 2441 799 2482 omnibus
827 2440 972 2482 Sardoi
1002 2441 1045 2483 &
1073 2440 1284 2495 Tyrrheni
1309 2440 1433 2480 maris
1461 2439 1601 2480 insulis

267 2499 336 2550 sub
357 2510 557 2552 ditionem
573 2510 772 2566 redattiS,
800 2520 847 2553 ut
875 2512 932 2553 est
957 2525 1046 2566 cap.
1073 2523 1135 2554 ιο.
1193 2511 1283 2553 Nec
1306 2517 1445 2551 tamen
1473 2512 1600 2554 etiam

265 2583 317 2624 de
335 2583 531 2624 Romanis
550 2583 646 2623 ferri
669 2583 824 2636 potest,
861 2582 994 2624 Italiae
1019 2584 1105 2637 jam
1132 2582 1426 2631 domitoribus,
1456 2580 1502 2624 &
1531 2584 1613 2624 au?

263 2651 354 2694 ftor
375 2648 458 2709 ipse
478 2655 578 2695 dicit
598 2657 795 2708 παρίσους
818 2652 911 2701 ταῖς
932 2651 1141 2705 δυνάμεσι.
1189 2651 1331 2702 Quid?
1361 2653 1420 2693 illi
1440 2666 1493 2694 ne
1517 2653 1599 2694 for-

260 2726 374 2766 tunis
404 2726 635 2768 mediocres
663 2726 848 2777 dicendi,
885 2726 956 2779 qui
988 2727 1044 2767 ita
1080 2723 1290 2780 gesserunt
1321 2723 1494 2774 bellum,
1546 2724 1597 2766 ad

262 2797 372 2850 quod
389 2809 474 2838 non
489 2797 615 2838 modo
636 2796 728 2851 quis
743 2796 924 2852 praesens
944 2795 990 2840 δι
1007 2797 1152 2839 videns
1173 2795 1329 2847 oculis,
1356 2794 1424 2837 sed
1443 2795 1510 2836 vel
1528 2793 1605 2836 au·'

1478 2866 1598 2907 diens
