1742 3190
154 347 246 389 vers.
268 355 299 390 ς.

153 465 246 506 Vers-
265 466 298 502 6.

158 826 256 866 Vers.
271 836 305 871 7.

201 1370 288 1414 Cap.

163 1417 321 1450 LXXIII.

162 1475 258 1513 Vers.
280 1484 311 1512 ι.

331 218 417 262 '320
747 218 1252 251 ADNoTATIONEs

420 322 469 366 V
463 319 534 378 ersi
559 332 595 376 5.
622 317 691 364 τᾶν
706 317 780 377 πρὸ
803 321 873 362 τοῦ
891 315 1049 375 χρόνον.
1108 321 1157 363 In
1182 322 1324 363 msstis
1347 335 1431 364 una
1448 335 1556 365 voce
1580 335 1673 378 προ-

333 395 404 436 τοῦ
420 396 604 436 scribitur
625 394 669 436 ὅ(
689 395 730 435 h.
751 394 776 434 1.
798 392 843 434 &
861 393 1103 447 plerumque
1124 392 1236 433 alias.

363 480 366 485 ·
421 464 536 521 Vers.
557 465 597 508 6.
626 459 934 520 παρεσκεύασαν
951 463 1110 505 restitui
1130 477 1183 503 ex
1203 463 1295 507 Vat.
1313 463 1423 506 Flor.
1444 463 1554 519 Aug.
1569 463 1677 517 Reg.

336 537 505 582 A.B.·C.
565 537 633 579 Sic
652 536 727 587 «ἃ,
771 549 864 577 cum
887 535 972 576 levi
991 547 1130 575 errore
1146 535 1190 575 in
1212 534 1309 576 sede*
1326 542 1545 584 accentus,
1575 547 1676 588 παρ·

340 605 562 652 masadam
591 609 685 649 Bav.
732 607 840 649 Hinc
859 601 1172 662 παρασκευάσαν
1190 606 1285 647 edit.
1311 617 1344 646 1.
1361 604 1407 647 &
1424 599 1694 661 ’νιγκροισκευοίὰι

338 696 481 729 σαντες
502 683 566 723 ed.
580 679 672 722 2.&
685 678 765 732 sqq.
787 679 925 720 invitis
944 679 1099 720 msstis.
1147 676 1251 718 Ibid.
1270 671 1517 731 ἐποιήσαντο.
1547 675 1678 733 §walq-
1697 697 1700 701 ·

338 769 414 797 σοιν
435 754 526 795 edd.
545 750 589 794 &
611 751 713 805 Reg.
727 750 772 791 B.
785 748 828 790 C.
849 759 992 791 contra
1009 757 1197 792 veterum
1217 751 1411 793 codicum
1429 749 1572 791 fidem.
1615 738 1622 742 ”

425 823 474 867 V
468 821 540 878 ers
559 835 598 876 7.
630 822 723 864 Post
740 820 798 862 ἔτι
821 821 861 862 δὲ
881 821 1034 872 μᾶλλον
1052 822 1095 862 in
1118 822 1213 863 edit.
1238 834 1275 864 2.
1300 822 1494 865 insertum
1514 821 1573 862 est
1589 833 1680 862 ver-

337 897 438 940 bum
465 889 599 941 ὄντες,
640 908 692 934 ex
721 894 838 934 versu
857 893 936 947 seq.
968 893 1077 947 (cap.
1095 904 1164 947 73,
1191 891 1246 945 ι.)
1273 906 1491 948 perperam
1516 892 1599 935 huc
1628 892 1679 935 ab

339 968 479 1023 operis
497 964 811 1022 typographicis
828 963 1039 1018 reje&um.
1076 964 1145 1006 Ad
1163 964 1277 1006 istam
1294 955 1577 1018 trajefikionem
1593 977 1679 1006 non

338 1039 564 1081 adtendens
580 1037 765 1077 'animum
783 1035 988 1090 Scaliger,
1015 1028 1137 1082 ’ὄντως
1157 1035 1415 1076 scribendum
1429 1036 1678 1089 conjecerat.

337 1110 444 1153 Ibid.
465 1104 713 1162 οἷποβλέπετν
734 1103 790 1148 οέε
803 1104 827 1147 ι’.
887 1106 988 1162 Cam
1017 1120 1163 1148 omnes
1190 1106 1232 1147 h.
1252 1107 1280 1148 l.
1302 1107 1445 1148 darent
1465 1105 1541 1153 δεῖ,
1571 1104 1680 1150 Vrfi-

339 1195 420 1226 nus
440 1181 622 1235 superius
645 1178 699 1219 δὲῐ
721 1179 941 1219 delendum
964 1177 1131 1220 censuit.
1189 1177 1292 1220 Mihi
1321 1178 1443 1220 unice
1470 1192 1569 1220 vera
1597 1177 1694 1221 visa*

341 1252 400 1296 est
419 1250 578 1295 Reiskii
598 1250 844 1292 emendatio-

713 1360 746 1405 C
775 1361 815 1404 A
844 1362 874 1403 P
903 1359 947 1405 V
979 1361 1020 1405 T
1077 1325 1310 1405 LXXIII.

402 1463 453 1507 V
445 1460 516 1519 ers:
535 1474 569 1506 1.
589 1457 642 1504 τοὶ
653 1457 759 1504 uon-02
772 1455 843 1517 τήν
860 1457 1223 1503 Ἑκατοντοίπυλον.
1251 1447 1557 1513 Ἑκατόμπυλοῠ
1573 1460 1681 1504 hane

344 1542 470 1577 vocat
490 1535 698 1577 Diodorus
711 1532 787 1577 IV.
806 1538 866 1584 18.
884 1532 927 1575 &
948 1534 988 1575 in
1008 1533 1202 1589 Excerpt‚
1221 1534 1355 1579 Vales.
1374 1549 1424 1575 ex
1443 1533 1511 1576 lib.
1522 1531 1683 1576 XXIV.

260 1624 268 1630 ·
344 1620 387 1663 p.
408 1606 502 1660 365.
523 1607 588 1648 ed.
605 1603 771 1650 Weffel.
830 1603 1038 1656 Viciffim‚
1074 1619 1195 1660 quam
1219 1605 1345 1668 vulgo
1371 1604 1683 1659 Hecatompylon

345 1679 489 1720 dicunt
503 1677 704 1727 Parthiae,
739 1671 1090 1718 Ἑκατοντοέπυλον
1118 1677 1293 1732 adpellat
1323 1677 1435 1719 idem
1458 1677 1592 1721 XVII.
1612 1685 1683 1730 75.

345 1750 531 1804 Nempe,
577 1748 681 1791 ficut
699 1749 766 1790 sua
793 1749 955 1803 origine
988 1749 1100 1789 idem
1131 1748 1293 1803 prorsus
1326 1748 1433 1790 valet
1459 1755 1682 1803 utrumque

345 1834 522 1871 nomen,
567 1819 621 1862 fic
647 1827 868 1875 utrumque
901 1819 1130 1875 promiscue
1159 1819 1341 1861 adhiberi
1369 1819 1598 1870 consuevit,
1633 1818 1693 1860 αἴτ’

349 1905 446 1934 cum
466 1891 657 1934 Salmafio
679 1892 842 1933 monuit
866 1890 1107 1946 Wesseling.
1135 1892 1185 1932 ad
1212 1891 1336 1933 Diod.
1369 1889 1422 1934 T.
1440 1890 1495 1933 ΙΙ.
1523 1903 1564 1946 p.
1585 1885 1695 1944 565¹.¹

346 1963 481 2007 Fuiffe
499 1970 638 2005 autem
653 1964 759 2004 hanc
777 1962 1113 2018 Hecatompylon
1136 1962 1204 2004 vel
1232 1961 1596 2017 Hecatonmpylon
1615 1962 1688 2004 Li.

279 2062 282 2065 «
348 2034 447 2090 byae
465 2034 633 2089 insignis
652 2035 946 2089 magnitudinis
965 2033 1106 2076 urbem
1121 2063 1132 2083 ,
1169 2047 1255 2076 non
1272 2047 1425 2076 nomen
1440 2034 1570 2075 solum
1589 2046 1686 2088 pro-

166 2250 265 2293 Vers.
284 2261 322 2290 2.

333 2107 441 2161 (bat,
469 2106 537 2147 sed
557 2106 600 2148 &
623 2105 748 2148 fidem
765 2107 921 2148 faciunt
938 2112 1002 2147 ter
1020 2105 1132 2146 mille
1151 2105 1211 2146 illi
1230 2104 1387 2147 obfides
1399 2135 1413 2156 ,
1438 2118 1543 2161 quos
1562 2119 1613 2147 ex
1634 2108 1693 2147 εί

351 2177 551 2232 accepisse
573 2178 818 2219 Hannonem
842 2178 950 2219 idem
971 2177 1181 2219 Diodorus
1203 2177 1341 2223 refert.

440 2247 487 2291 V
483 2247 554 2304 ets.
577 2263 614 2291 2.
639 2244 730 2296 τοὺς
748 2244 972 2296 minino&
992 2245 1147 2295 ἱῆτπους.
1185 2248 1314 2294 ἱππεῖς
1332 2247 1373 2289 h.
1393 2247 1421 2289 l.
1441 2246 1603 2297 malim,
1636 2250 1686 2289 ut

350 2333 440 2376 cap.
457 2332 524 2373 75,
549 2332 588 2362 2.
646 2319 748 2363 Ibid.
769 2316 822 2361 τοὶ
839 2320 1095 2376 περιλιπῆ.
1154 2319 1323 2361 Editum
1344 2318 1472 2373 vulgo
1500 2325 1587 2359 erat
1611 2331 1685 2358 πε-

351 2392 508 2448 ριλοιπῆ
537 2406 588 2433 ex
619 2391 715 2434 Bav.
743 2393 787 2433 in
819 2405 901 2447 quo
930 2399 1065 2433 tamen
1096 2390 1211 2432 fimul
1235 2391 1436 2432 indicatur
1455 2390 1530 2430 alia
1546 2387 1687 2439 lefflo,·

350 2478 445 2519 quae
475 2463 612 2504 nescio
634 2471 772 2505 utrum
791 2452 839 2505 fit
861 2462 1092 2518 περιλαπῆ,
1130 2476 1180 2503 an
1205 2461 1404 2516 περιλιπῆ.
1462 2460 1550 2502 Aut:
1575 2473 1684 2515 περι-

348 2536 467 2590 aem&
500 2543 570 2577 aut
596 2533 809 2591 περίλοιποι
839 2536 1049 2590 corrigere
1072 2532 1182 2588 juffit
1207 2533 1410 2574 Reiskius.
1468 2532 1524 2574 Et
1550 2532 1694 2587 πἐριέ

306 2634 308 2636 ·
348 2607 502 2663 λειπῆ
520 2610 618 2649 dant
645 2610 756 2662 Aug.
777 2606 821 2649 δι’
841 2606 1006 2661 Reg.A.
1064 2605 1144 2647 Sed
1168 2604 1358 2658 περιλιπῆ
1386 2603 1497 2646 Flor.
1523 2603 1684 2666 (nescio

349 2694 401 2722 an
421 2679 466 2722 &
486 2678 529 2723 V
531 2679 606 2732 at.)
627 2678 671 2722 &
691 2677 744 2720 fic
761 2679 942 2720 correxit
958 2676 1143 2732 Scaliger
1172 2678 1214 2717 in
1233 2690 1306 2717 ora
1325 2676 1384 2716 sui
1404 2675 1509 2717 libri.
1563 2667 1697 2717 Eam-⁴

348 2753 444 2794 dem
463 2751 703 2806 scripturam
726 2749 913 2805 περιλιπῆ
935 2750 978 2791 in
1000 2756 1242 2790 contextum
1264 2748 1422 2802 recepit
1445 2744 1686 2795 ERNE'STIJ

349 2819 852 2879 &inLexico'Polybia'no
870 2822 949 2864 ait:
978 2807 1075 2874 „Sic
1093 2820 1348 2862 correximus
1367 2832 1442 2874 pro
1460 2813 1685 2874 πὲρὼιπῆ,

1574 2886 1686 2942 quod
