1742 3190
129 292 296 303 ——-—

139 833 234 884 vers.
252 855 286 891 4.

326 193 413 238 192.
700 197 1244 235 ν,ΑιηιοτιιιίἹοΝιῑε
1309 229 1311 231 ,

325 298 419 341 satis
436 299 566 341 duxit.
624 297 743 340 Idem
758 300 893 341 editor
911 298 1025 354 vexsu
1044 311 1082 354 5.
1103 301 1339 355 scripturam
1365 301 1576 343 manifeste
1605 301 1666 350 vi..

326 370 490 420 tiosam‚
523 382 618 424 quae
638 370 695 412 est
713 371 754 410 in
774 371 887 425 Aug.
907 370 950 413 δι
971 372 1013 412 in
1033 372 1202 426 Reg.A.
1225 368 1474 427 ὁρμητήρια,
1502 386 1578 428 pro
1599 369 1668 428 σ’ῤ-
1693 399 1695 401 »

326 444 508 497 μητηρίῳ
521 471 531 487 ,
562 442 603 481 in
620 442 806 495 margine
825 443 1020 483 adnotare
1037 455 1180 496 operae
1200 438 1381 497 pretium
1399 443 1667 487 existimavit:

327 512 553 567 cujusmodi
571 512 808 554 manifestos
824 513 1083 554 librariorum
1101 526 1264 554 errores
1284 519 1362 565 nos
1381 514 1548 569 quidem
1559 515 1666 570 post-

324 584 403 626 hac
421 584 768 638 supersedebimus
788 584 983 626 adnotare
995 614 1006 634 ,
1034 582 1337 638 nififingularis
1354 586 1544 640 quaedam
1559 587 1667 628 ratio

326 655 489 696 suaserit
498 670 510 703 ;
542 655 671 696 veluti
690 654 907 704 hocloco,
935 654 1006 696 ubi
1025 655 1250 696 tenendum
1270 655 1350 705 est,
1378 656 1487 710 quod
1503 656 1590 710 jam
1605 656 1665 701 su-

324 739 396 781 pra
414 727 463 767 ad
483 726 519 769 L
543 737 602 776 12,
623 736 661 776 7.
683 726 846 776 monui,
877 724 1018 780 paffim
1036 726 1076 766 in
1098 725 1311 767 codicibus
1330 725 1478 779 nostris
1497 724 1667 769 vocales

325 813 351 837 ικ
370 796 464 839 &w
481 804 731 852 permutatas
750 798 857 838 inter
875 797 913 837 se
934 812 957 837 a
974 797 1149 838 librariis
1167 798 1351 852 reperiri.

417 867 466 910 V
460 865 533 922 ers.
555 880 594 919 4.
633 865 853 923 ἀντίπερα.
911 867 977 909 Sic
995 868 1090 911 ssav.
1107 867 1221 923 Aug.
1239 868 1341 924 Reg.
1357 868 1411 910 A.
1441 865 1668 923 ἐπαείρας

324 937 419 982 Vat.
440 939 472 980 F
474 938 549 980 lor.
571 952 690 993 aeque
708 939 826 981 bene.
858 926 1062 994 ἑῖντιπέροι
1089 940 1225 980 minus
1250 938 1363 981 recte
1383 940 1485 982 edit.
1508 952 1542 981 ι.
1563 951 1602 982 2.
1619 938 1666 982 &

323 1010 426 1064 Reg.
446 1010 489 1051 B.
548 1009 637 1051 Nec
655 1010 803 1052 melius
823 1007 1050 1066 ἀντιπέραν
1075 1012 1172 1052 edit.
1191 1010 1354 1053 Castiub.
1372 1009 1417 1053 ὅ(
1433 1010 1542 1065 seqq.
1567 1017 1665 1053 cu'm

274 1098 276 1101 ·
323 1081 427 1134 Reg.
449 1079 495 1122 C.
554 1081 671 1122 Ferri
699 1089 893 1136 potuerat
921 1079 1151 1136 οὲντίπερσιν
1177 1089 1497 1144 antepenacute‚
1524 1094 1664 1136 quam·

138 1295 232 1335 Vers.
257 1305 287 1342 5.

326 1164 448 1206 quam
478 1159 572 1193 ante
603 1152 894 1194 consonantem
924 1166 1008 1194 non
1037 1167 1142 1208 opus
1173 1161 1262 1195 erat
1290 1150 1446 1209 adjecta
1481 1152 1602 1206 litera
1627 1166 1666 1198 ν.

326 1222 480 1264 Confer
499 1223 712 1277 Heynium
730 1225 780 1264 ad
799 1223 1044 1278 Apollodor.
1064 1237 1104 1279 p.
1126 1228 1223 1276 738.

409 1291 524 1347 Vers.
546 1306 583 1348 5.
605 1290 811 1350 'Optavi-sc
833 1294 875 1336 δὲ
896 1310 961 1350 uoq
983 1311 1059 1349 την
1081 1292 1407 1349 Ἀκραγαντίνων
1426 1291 1563 1338 πέλ-ιν.
1598 1295 1664 1338 De

321 1370 544 1418 opportuno
575 1364 798 1421 Agrigenti
812 1366 897 1422 situ
917 1366 1028 1408 conf.
1057 1367 1240 1408 nostrum
1255 1366 1330 1408 IX.
1358 1377 1427 1416 27.
1484 1366 1665 1415 Particu-

321 1435 404 1477 lam
423 1431 492 1490 uoq*
513 1437 696 1492 ex'Aug.
720 1437 889 1478 adscivit
906 1438 1088 1492 Hervag.
1108 1437 1152 1479 δι
1172 1435 1432 1479 consentiunt
1445 1435 1664 1497 Vat.Flor.

322 1507 427 1560 Reg.
445 1506 500 1548 A.
559 1507 664 1549 Ibid.
691 1503 748 1550 τοί
771 1522 820 1549 τε
841 1513 1121 1564 χορηνεῒοι.
1151 1528 1210 1539 -
1265 1508 1442 1559 „Melius
1467 1508 1664 1551 scribetur

321 1573 381 1620 *roc*
401 1574 648 1632 χορήγιοι.
705 1579 813 1621 Nam
837 1580 946 1622 aliud
966 1580 1023 1622 est
1041 1577 1283 1635 χορηγέῗον,
1315 1579 1424 1621 aliud
1448 1576 1662 1635 χορῆγιον,

320 1653 433 1705 quod
449 1652 572 1700 :idem
599 1649 802 1705 fignificat
826 1665 873 1692 ac
901 1656 1094 1707 χορηγία.
1150 1651 1210 1692 At
1237 1648 1438 1706 χορηγέὶοι
1464 1651 1555 1692 sunt
1579 1650 1664 1708 ipsa

322 1719 491 1773 horrea,
518 1722 588 1764 ubi
607 1723 773 1763 condita
791 1722 982 1763 militaxia
1001 1722 1127 1763 asserv
1133 1722 1341 1764 abanturf‘
1371 1733 1586 1762 cASAvss.
1604 1743 1662 1752 —-

319 1792 463 1835 Paffim
481 1801 617 1834 tamen
634 1793 706 1834 ista
722 1794 1051 1843 confunduntur,
1082 1793 1149 1834 sed
1168 1806 1398 1847 perperam.
1457 1791 1525 1834 Sic
1553 1792 1662 1847 apud

317 1863 533 1906 Pollucem
554 1862 632 1907 IV.
656 1864 747 1905 106.
764 1860 984 1918 χορήγιον·
1015 1861 1038 1907 o‘
1058 1860 1184 1910 τόπος
1209 1855 1256 1914 οὖ
1276 1860 1302 1919 ἤ
1323 1877 1567 1919 παρασκσυη
1585 1878 1659 1906 του

319 1933 517 1989 χορυγοῢ.
544 1935 613 1976 ubi
631 1933 784 1990 reffius
803 1936 945 1990 utique
964 1934 1183 1990 χορηγεῖον
1203 1934 1426 1990 scripseris,
1459 1948 1552 1976 nam
1570 1949 1662 1987 οων,

317 2019 401 2047 non
423 2021 493 2055 mv,
522 2006 578 2047 est
594 2006 830 2047 terminatio
848 2007 1074 2057 nominum,
1098 2007 1236 2047 Iocum
1254 2004 1581 2060 significantium,
1609 2011 1657 2048 ut

320 2075 629 2130 γραμματεῖον,
687 2076 992 2126 διδασκαλεῖον,
1041 2075 1353 2127 παιδαγωγεῖον.
1393 2076 1502 2118 conf.
1519 2076 1659 2119 Henr.

317 2147 516 2202 Stephani
534 2147 654 2190 Thes.
673 2150 723 2189 ad
749 2149 790 2191 h.
810 2162 850 2190 v.
907 2150 1063 2191 Pariter
1083 2150 1189 2204 apud
1205 2148 1477 2190 Ammonium
1498 2149 1550 2189 de
1572 2144 1660 2193 Vo-

318 2231 417 2259 cum
436 2207 681 2259 Differentia.
697 2232 736 2273 p.
763 2224 852 2272 ¹48.
871 2221 999 2275 vulgo
1018 2221 1184 2274 legitur,
1211 2214 1412 2273 Χορήγιον
1430 2217 1516 2270 (fic,
1544 2231 1660 2261 men-

317 2288 413 2329 dose
434 2302 508 2343 pro
526 2288 765 2342 χορηγεῖον)
787 2286 837 2332 ro*
856 2289 1154 2338 διδασκαλεῖον,
1183 2290 1372 2338 ubivide,
1390 2299 1484 2342 quae
1495 2289 1659 2331 monuit

317 2355 615 2409 Valkenarius,
651 2359 717 2410 δε,
754 2375 878 2415 quem
906 2362 974 2403 ille
997 2353 1157 2412 leudat,
1191 2359 1419 2406 Hemsterh.
1447 2359 1498 2399 ad
1523 2359 1657 2401 Pollu-

319 2443 412 2471 cem
430 2430 501 2471 IX.
522 2441 589 2480 42.
649 2429 690 2473 V
693 2430 853 2482 icisfim,
879 2431 982 2474 ficut
1002 2433 1069 2473 hic
1090 2432 1196 2486 apud
1214 2429 1453 2484 Polybium,
1482 2429 1552 2471 ubi
1571 2442 1657 2472 non

314 2501 366 2541 de
385 2501 487 2550 loco,
518 2501 584 2543 sed
604 2503 652 2542 de
671 2499 764 2555 ipfis
785 2502 1055 2555 adparatibus
1072 2504 1227 2557 agitur,
1256 2501 1299 2541 in
1317 2500 1555 2554 scripturam
1580 2515 1658 2554 χο-

314 2569 456 2626 ρηγεῗα
476 2586 551 2627 pro
574 2568 756 2626 χορήγιοι
775 2574 1004 2628 conspirant
1021 2574 1114 2615 libri
1130 2572 1275 2622 nostri,
1293 2569 1357 2611 ·fic
1386 2570 1520 2612 rursus
1547 2571 1656 2627 apud

313 2644 526 2694 eumdem,
563 2644 594 2686 I.
631 2651 699 2694 ¹8,-
721 2656 757 2695 5.
801 2643 862 2685 At
887 2644 1041 2687 XVIII.
1061 2655 1125 2696 24,
1147 2653 1184 2696 5.
1213 2640 1383 2697 χρῆιθσι]
1411 2644 1499 2688 τοῖς
1530 2657 1655 2698 χορη-

312 2719 438 2764 γίοις,
467 2715 529 2762 uti
546 2713 687 2767 opibus
707 2714 773 2755 vel
792 2714 1083 2767 adparatibus,
1113 2729 1164 2756 ex
1183 2715 1329 2755 codice
1350 2712 1522 2755 Peiresc.
1538 2711 1652 2755 refie

308 2786 438 2829 edidit
469 2785 676 2843 Valesius,
721 2798 818 2829 cum
850 2799 932 2843 quo
960 2787 1164 2831 consentit
1196 2777 1653 2858 suidas-ing‘ArJoeAoc.

1526 2854 1647 2900 Conf-
