1742 3190
310 215 404 264 '330
746 221 1271 254 AnnorArxonus·

121 292 298 312 *-

122 314 205 326 ..μ-.-
229 317 290 323 m-..-

137 350 230 388 vers
253 361 285 395 4
317 290 515 366 rariorem
535 321 738 378 alioquin,
774 322 841 365 sed
861 322 1121 378 frequentem
1140 325 1247 380 apud
1267 325 1372 380 Poly
1360 324 1508 379 rhium,
1530 327 1652 370 usum
1699 334 1712 339 ‘'

131 676 226 716 Vers.
249 685 280 720 5.

126 1242 219 1282 Vers.
240 1243 272 1280 6.

91 1457 186 1495 Vers.
194 1469 213 1503 9
225 1459 295 1505 sqq.

98 1817 198 1859 vers.
215 1827 269 1859 12.

89 2388 179 2429 werf.
203 2399 259 2438 ¹3·

318 395 431 438 verbi
450 392 777 449 παρηῖὲκαγμένος
797 408 844 435 ea
861 393 1080 444 sententia,
1114 407 1208 450 quae
1226 395 1284 438 est
1304 396 1425 451 hujus
1441 397 1548 449 loci,
1583 412 1653 440 co-

319 467 489 522 gitanti,
514 480 567 507 eo
584 465 834 520 probabilior
849 462 899 506 fit
920 463 1145 507 Casauboni
1164 464 1411 522 conjeffura,
1435 469 1548 523 quod
1566 469 1655 513 nus-

318 548 457 593 quam
460 537 572 588 alias,
602 537 712 591 quod
734 535 869 586 sciam,
901 536 1074 578 verbum
1091 537 1227 592 παρα)
1229 536 1458 599 ελειμμένος
1474 538 1551 582 hac
1582 553 1655 582 no-

318 611 432 650 tione
454 600 690 663 usurpatum
710 606 933 648 invenitur.
991 607 1055 649 De
1077 621 1121 648 re
1144 609 1288 658 confer
1303 609 1510 663 Ϊ.80,13.

404 676 516 734 Ῑῖωςί,
537 690 573 731 5.
601 674 674 724 τοὶς
695 672 842 724 πόλεις.
903 677 1027 720 Abest
1055 675 1170 722 artic.
1197 694 1221 723 a
1244 678 1342 724 Vat.
1361 679 1534 724 &Flor.
1561 693 1652 739 per-

314 764 469 806 peram.
526 749 632 792 Ibid.
660 745 909 803 Σαρδονίους.
950 743 1171 803 Σαρδωνιος
1188 764 1263 806 per
1284 765 1314 791 ω
1335 751 1521 796 scribitur
1545 753 1654 809 apud

313 822 615 877 Byzantinum:
645 821 736 870 sed,
764 830 959 875 peraeque
977 833 1052 875 per
1070 836 1088 862 ο
1109 822 1235 863 breve
1258 821 1395 882 scribis,
1424 823 1578 866 docent
1593 810 1652 866 102

313 907 362 934 ca
385 894 591 938 variorum
619 889 832 933 auftorum
859 890 908 932 ab
934 890 1150 933 Holstenio
1178 894 1228 934 ad
1257 883 1535 948 Stephanum,
1562 894 1607 939 &
1629 909 1654 938 a

313 964 477 1006 Criticia
505 964 556 1005 ad
583 963 757 1005 Homeri
783 959 924 1016 Odysf.
944 961 1040 1006 XX.
1064 974 1159 1016 302.
1177 963 1349 1019 prolata.
1405 964 1461 1007 Et
1492 965 1654 1008 variant

313 1035 406 1077 alibi
429 1047 594 1090 quoque
613 1034 782 1075 codices
805 1031 955 1082 nostri,
982 1033 1049 1075 sed
1067 1033 1315 1090 plerumque
1332 1034 1375 1078 in
1397 1050 1416 1076 ο
1432 1035 1651 1091 breve‘po.

309 1106 439 1147 tiores
457 1113 528 1148 aut
545 1106 670 1147 etiam
690 1117 836 1145 omnes
856 1103 971 1155 (utI.
992 1093 1060 1155 88,
1085 1102 1168 1157 10.)
1187 1105 1456 1149 consentiunt.
1494 1106 1560 1150 De
1578 1121 1648 1149 eo.

309 1177 403 1219 dem
421 1177 588 1219 nomine
603 1176 687 1231 jam
706 1174 903 1229 disputavi
914 1175 972 1216 aad
990 1174 1022 1217 l.
1050 1187 1111 1227 10,
1135 1187 1172 1230 5.

394 1246 508 1303 Vers.
529 1247 569 1291 6.
605 1240 911 1301 ἀπηλλοτριώθη
941 1246 1142 1289 dederunt
1168 1245 1265 1290 V'at.
1294 1245 1417 1291 Flors
1438 1246 1484 1292 &
1514 1250 1648 1291 codex

307 1317 456 1363 Vrsmi.
515 1320 570 1361 Et
595 1318 704 1360 Flor.
733 1317 900 1372 quidem
930 1316 1097 1369 (forsan.
1124 1316 1168 1359 &
1191 1316 1306 1371 Vat.)
1333 1318 1411 1360 alia
1427 1311 1648 1363 verborum

307 1390 409 1431 serie
422 1421 433 1440 ‚
460 1390 600 1432 τοῦτον
623 1382 930 1443 ἄπηλλοτριώθη
949 1383 1019 1428 τόν
1036 1383 1170 1430 τόπον.
1200 1389 1309 1431 conf.
1328 1389 1360 1431 I.
1383 1393 1452 1441 82,
1470 1399 1512 1443 7.

391 1459 505 1516 Vers.
532 1472 573 1516 9.
614 1462 663 1502 ἐκ
688 1460 756 1514 τῆς
785 1454 994 1513 Σαρδόνος.
1060 1460 1320 1511 Articulum,
1365 1473 1465 1503 eum
1497 1454 1648 1505 abeffet

306 1533 455 1588 vulgo,
487 1532 636 1574 adscivi
656 1546 706 1574 ex
729 1530 823 1575 Vat.
841 1530 952 1572 Flor.
967 1531 1082 1585 Aug.
1101 1532 1203 1586 Reg.
1214 1531 1267 1574 A.
1328 1528 1444 1586 Vss’sfi
1460 1544 1523 1576 10.
1543 1529 1646 1589 ὑπὲρ

304 1604 373 1658 τῆς
394 1598 553 1645 τούτων.
593 1603 820 1676 Perperam
840 1595 914 1642 ὑπο
925 1601 1046 1657 Aug.
1081 1601 1168 1643 Sic
1190 1602 1234 1645 &
1257 1603 1425 1646 fuerat
1413 1617 1456 1645 m
1474 1603 1578 1659 Reg.
1589 1604 1646 1659 A

302 1675 370 1717 sed
392 1652 624 1717 εοττεᾶυηι
647 1675 694 1715 ab
718 1674 862 1716 eadem
883 1686 1018 1715 manu.
1079 1670 1126 1716 V
1121 1670 1196 1728 ers
1222 1684 1285 1716 ιι.
1314 1673 1385 1716 τοῦ
1405 1674 1482 1715 τῶν
1501 1673 1641 1732 Καρχ.

302 1745 452 1788 camut
471 1746 540 1787 τοῦ
559 1746 670 1800 Aug.
692 1744 735 1786 &
753 1746 856 1799 Reg.
869 1744 923 1786 A.

322 1819 324 1821 ’
382 1814 503 1870 Vers.
528 1829 589 1859 ια.
619 1817 711 1858 Post
729 1810 1037 1870 προαιρούμενον
1058 1809 1181 1858 αὐτ-δν
1198 1815 1392 1859 Reiskius
1421 1815 1555 1860 deeffe
1578 1818 1640 1861 su-

299 1885 475 1943 spicatus
500 1895 586 1929 erat
610 1888 732 1928 verba
762 1886 817 1928 δεῖ
849 1881 1159 1938 ὑπολαμβάνειν.
1217 1887 1492 1939 Turbaverat,
1522 1897 1640 1944 puto,

299 1959 435 2001 virum
459 1958 758 2013 perspicacem,
795 1959 905 2013 quod
934 1958 1112 2012 sequitur
1141 1959 1289 2001 deinde
1317 1956 1424 2013 ἤμων
1454 1959 1500 2002 &
1519 1958 1645 2016 ἡμᾶς,

300 2042 394 2085 quae
414 2030 544 2072 videri
564 2028 727 2084 possunt
747 2029 979 2071 orationem
1002 2027 1157 2072 restam
1187 2029 1402 2084 postulare.
1459 2032 1542 2075 Sed
1567 2033 1637 2075 hie

298 2113 392 2143 mos
415 2100 474 2143 est
492 2100 678 2155 polybii,
715 2101 824 2155 apud
845 2114 971 2155 quem
990 2100 1097 2155 saepe
1121 2100 1348 2144 observabit
1372 2099 1505 2144 laetor
1534 2103 1636 2146 subi-

296 2178 388 2214 tum
407 2171 455 2215 ab
473 2185 521 2213 01
523 2173 658 2214 anone
680 2170 844 2225 obliqua
863 2171 914 2213 ad
937 2169 1089 2212 metam
1107 2170 1339 2223 transitum,
1376 2185 1501 2228 quem
1521 2187 1635 2217 eum-

296 2243 393 2285 dem
425 2255 583 2284 morem
613 2256 666 2285 ne
696 2240 998 2284 terfisfimorum
1030 2243 1198 2297 quidem
1232 2243 1364 2298 stylus
1389 2241 1637 2300 scriptorum

286 2306 459 2369 respuit.

382 2384 428 2427 V
422 2381 495 2439 eff
518 2395 580 2436 1,.
610 2381 831 2438 προέμενοι.
873 2382 942 2426 Sic
958 2385 1069 2426 haud
1089 2384 1210 2427 dubie
1226 2384 1306 2427 fuit
1325 2386 1630 2441 corrigendum,

292 2456 404 2513 quod
439 2455 568 2497 miror
606 2469 691 2496 non
729 2455 987 2497 observatum
1026 2456 1435 2499 commentatoribus.
1503 2457 1629 2508 Quod

288 2524 542 2585 προϊεμένους
563 2541 613 2567 ex
635 2526 747 2581 Aug.
768 2526 871 2568 citat
888 2523 1124 2578 Boeclems,
1159 2525 1279 2569 falsus
1309 2527 1367 2570 est
1375 2543 1389 2578 3
1429 2528 1485 2570 ibi
1514 2531 1626 2572 enim

288 2595 553 2655 προεμένους,
593 2607 640 2639 ut
665 2598 707 2640 in
735 2598 899 2639 ceteris.
974 2596 1077 2639 Ibid.
1109 2594 1268 2652 ἐχθρὸν
1297 2595 1429 2646 edroi}
1462 2598 1625 2656 ἔσειθιη.

286 2671 356 2721 Sic
377 2671 475 2713 edit.
503 2682 535 2710 1.
553 2682 648 2710 cum
668 2668 768 2710 Bav.
786 2667 880 2711 Vat.
901 2666 945 2711 &
964 2669 1075 2710 Flor.
1134 2670 1291 2712 Mutata
1320 2672 1541 2714 verborum
1564 2672 1622 2714 se-

285 2744 367 2793 rie,
404 2737 543 2787 adv-02⁹9·
565 2738 714 2795 ἔσειθοᾳ
740 2734 902 2793 ἐχθρὸν
927 2740 1026 2783 edit.
1049 2751 1074 2783 2
1101 2739 1146 2784 &
1163 2740 1282 2797 seqq.
1310 2756 1406 2784 cum
1433 2743 1548 2798 Aug.
1575 2742 1621 2786 &

287 2812 390 2870 Reg.
401 2813 466 2857 A.

1431 2885 1620 2929 CAPVT
