1742 3190
130 308 305 318 .-.-----—--.-.-

147 341 239 380 Vers.
261 342 294 375 6.

150 1099 245 1140 Vers.
265 1105 297 1141 8

325 203 410 249 304
746 202 1248 238 Annorarrouns

329 306 527 351 articulus
545 303 581 363 ἦ.
639 307 832 351 Reiskius
853 316 923 350 aut
946 289 1066 363 ἴκοινῆ
1089 321 1164 362 pro
1196 303 1239 362 ἦ,
1282 311 1352 350 aut
1378 303 1404 362 ἦ
1432 300 1664 361 &audieri-

328 381 507 424 bendum
526 379 693 421 censuit.
750 378 1031 429 Casmbonus,
1045 426 1048 431 ¹
1062 392 1186 434 quem
1205 379 1337 421 secuti
1357 378 1448 421 sunt
1466 378 1667 434 posterio-

327 465 396 494 res
427 452 630 500 editores,
667 465 717 492 ex
743 451 912 506 ingenio
932 441 955 505 ἢ
979 464 1056 505 pro
1080 447 1105 504 ἦ
1130 451 1283 499 edidit;
1325 463 1405 504 qua
1429 446 1665 504 conjectura

329 524 428 579 quid
449 521 638 578 speetarit
659 523 722 563 vir
739 520 909 572 dofras,
939 521 1106 563 difficile
1129 519 1241 563 dictu
1257 521 1388 572 foret,
1415 519 1490 562 nist
1514 534 1568 561 ex
1596 520 1665 562 ad·

325 593 436 650 jeEka
454 586 640 635 versione
661 594 785 636 latina
803 593 1127 648 intelligeretur,
1158 606 1252 648 quae
1270 591 1324 634 fic
1346 591 1491 641 habet,
1516 596 1564 633 ut
1581 603 1667 633 am-

323 667 434 722 plius
450 666 587 714 etiam,
609 678 732 721 quam
750 677 850 719 opus
867 661 970 719 effet,
990 665 1165 718 pecuniae
1183 663 1496 706 adinveniretur.
1533 661 1669 717 Aper·

331 739 414 779 tius
434 750 535 779 vero
557 738 682 777 etiam
706 737 750 777 in
776 750 847 776 ora
872 734 986 777 Bafil.
1016 735 1164 787 docet}
1200 749 1276 791 pro
1297 731 1551 790 προσευρέθη
1577 732 1671 774 scri-

330 809 511 852 bendum
528 806 600 849 fibi
621 808 748 851 visum
766 806 846 849 esse
870 805 994 848 πλέον
1014 803 1175 862 εὑρέθη.
1234 805 1474 848 Gronovius
1485 807 1508 854 ,'
1530 817 1671 860 quam·-

331 893 453 935 quam
473 880 516 921 in
537 886 736 921 contextu
758 895 780 933 η
803 879 994 929 retinuit,
1030 880 1074 921 in
1102 879 1242 921 Notis
1256 884 1396 919 tamen
1422 876 1546 918 editis
1576 874 1670 916 scri-

331 958 496 1007 pturam
520 957 745 998 msstorum
771 948 816 992 &
847 959 1037 991 veterum
1067 923 1295 992 editionum
1329 947 1535 997 defendit,
1581 958 1671 1003 mo·

334 1036 461 1075 nens,
491 1036 543 1063 ex
561 1021 837 1076 superioribus
852 1021 973 1062 facile
991 1020 1167 1076 intelligi
1182 1032 1336 1067 nomen
1357 1015 1546 1074 χορηγία

420 1087 535 1147 Vers
555 1097 596 1142 8
625 1092 680 1147 τῷ
711 1089 753 1133 δὲ
779 1087 940 1147 τοιούτῳ
967 1087 1099 1147 τρόπῳ
1131 1089 1339 1145 ταχέως
1363 1085 1668 1142 ἕτοιμοιθέντων

332 1162 537 1208 διακοσίων
554 1161 715 1205 πλοίων.
756 1162 861 1205 Cum
879 1159 941 1204 τοί
948 1164 978 1215 ἔ
984 1180 1003 1204 ε
1013 1179 1072 1211 ως
1092 1165 1219 1219 vulgo
1238 1176 1383 1204 omnes
1405 1161 1560 1212 darent,
1582 1173 1672 1201 mo-

333 1244 481 1280 nuerat
499 1247 769 1277 Rmsxuvs:
822 1236 928 1285 „Hic
949 1236 1033 1277 loci
1052 1229 1164 1286 τάξις
1182 1236 1293 1276 idem
1310 1234 1422 1276 valet
1438 1239 1560 1287 atque
1581 1225 1670 1273 σύν·

335 1308 470 1358 ταξις,
503 1305 721 1362 συμμορίαι,
752 1304 983 1355 συντέλεια,
1012 1320 1187 1362 quorum
1205 1305 1502 1348 vocabulorum
1528 1303 1673 1346 crebec

335 1380 395 1422 est
412 1379 506 1421 usus
524 1381 629 1435 apud
647 1378 1007 1420 Demosthenem.“
1061 1378 1108 1419 In
1135 1378 1322 1419 eamdem
1340 1376 1582 1419 sententiam
1598 1372 1674 1416 Ca*

335 1451 538 1493 saubonus
556 1450 816 1505 exposuerat,
846 1446 916 1490 hoc
944 1449 1162 1491 collationis
1184 1460 1343 1502 genere.
1397 1447 1454 1489 Et
1477 1445 1676 1489 Ernestuz

335 1522 380 1564 in
397 1523 536 1564 Lexic.
554 1522 698 1576 Polyb.
718 1516 869 1571 τάξεως
888 1516 1053 1576 τρόπος,
1082 1519 1223 1562 modus
1239 1516 1526 1574 descriptorum
1544 1515 1675 1560 tribu·

337 1599 472 1636 torum
489 1594 551 1635 vet
566 1592 832 1648 veffigatium.
869 1593 974 1635 Mihi
994 1593 1116 1634 unice
1136 1605 1234 1633 vera
1255 1592 1418 1633 videtur
1437 1588 1676 1630 emendatio

337 1662 521 1718 ταχέως,
551 1677 674 1719 quam
696 1663 909 1708 Gronovio
929 1664 1053 1706 etiam
1074 1663 1118 1705 in
1138 1670 1323 1704 mentem
1341 1659 1493 1704 veniffe
1514 1659 1678 1702 intelle·

339 1738 382 1778 xi
400 1751 452 1778 ex
472 1750 545 1777 ora
563 1736 669 1787 libri,
698 1749 781 1790 quo
800 1736 837 1776 is
855 1735 955 1778 olim
973 1735 1067 1777 usus
1088 1741 1188 1776 erat.
1217 1733 1327 1775 conf.
1339 1732 1372 1775 I.
1393 1731 1457 1786 36,
1474 1742 1516 1786 9.
1548 1723 1615 1784 38,
1632 1727 1678 1773 6.

338 1808 410 1858 60,
438 1819 501 1851 10.
519 1806 603 1849 &c.
671 1806 741 1848 Ad
772 1819 990 1849 numerum
1030 1807 1142 1861 quod
1172 1805 1326 1847 adtinet
1351 1804 1538 1852 navium,
1577 1814 1676 1844 cum

338 1878 459 1922 claffe
478 1882 748 1920 trecentarum
762 1879 932 1919 navium
947 1875 1220 1920 transve&um
1238 1877 1282 1917 in
1292 1875 1474 1918 Siciliam
1485 1868 1676 1916 Catulum

339 1950 443 2000 esse,
476 1951 583 2005 apud
607 1950 724 1992 Oros.
741 1949 815 1993 IV.
840 1961 904 1992 10.
927 1963 966 2005 p.
986 1959 1080 2002 242.
1109 1963 1161 1990 ex
1188 1954 1290 1990 vett.
1321 1959 1421 1989 mss.
1449 1943 1578 1988 edidit
1599 1943 1676 1986 Fa.

339 2022 493 2064 bricius
506 2053 518 2072 ‚
547 2035 642 2063 cum
658 2020 703 2064 δε
722 2022 777 2063 ibi
797 2029 918 2064 antea
938 2034 994 2062 cc
1017 2021 1173 2063 editum
1190 2017 1338 2061 fuifl'et.
1375 2017 1432 2060 Et
1447 2015 1676 2071 Eutropius

339 2106 505 2149 quoque
516 2093 570 2135 II.
592 2104 658 2147 27.
676 2101 882 2135 trecentas
899 2106 1024 2137 naves
1041 2096 1351 2134 commemorat.
1379 2088 1554 2143 „Neque
1571 2087 1676 2129 vero

340 2166 488 2208 adduci
511 2164 691 2221 poffum,
723 2166 781 2207 ait
799 2176 1076 2206 FABRIclvs
1104 2164 1155 2205 ad
1182 2161 1299 2205 Oros.
1319 2167 1367 2203 ut
1384 2160 1571 2209 credam,
1602 2171 1676 2214 po·

341 2238 485 2292 pulum
514 2249 730 2278 romanum
754 2244 907 2291 praeter
934 2248 989 2278 cc
1021 2235 1112 2283 illas
1138 2235 1479 2290 quinqueremes,
1518 2241 1619 2284 quas
1650 2243 1677 2271 a

340 2309 513 2363 privatis
532 2307 755 2350 aedificatas
774 2307 911 2349 scribit
930 2307 1150 2362 Polybius,
1175 2304 1308 2347 nullas
1327 2302 1425 2344 alias
1453 2314 1582 2343 naves
1600 2312 1689 2356 pu·-¹

340 2379 469 2424 blicas
488 2378 706 2420 habuiffef‘

423 2450 528 2494 Ibid.
557 2441 609 2492 ὥν
630 2445 866 2505 ἐποιησοιντο
882 2445 956 2505 τήν
975 2443 1197 2503 ναυπηγίαν
1213 2440 1312 2502 προς
1331 2437 1583 2501 παράδειγμα
1603 2437 1678 2498 τήν

340 2522 412 2564 τοῦ
429 2519 575 2565 Ῥοδίου
595 2523 702 2563 νοίῦν.
734 2542 785 2552 --
846 2523 1019 2573 „Sermo
1044 2521 1102 2562 est
1128 2526 1362 2567 truncatum
1395 2517 1506 2558 deest
1529 2509 1676 2570 λαβὸν·

341 2608 432 2641 τες,
459 2603 529 2636 aut
547 2594 628 2636 tale
652 2596 771 2649 quid;
811 2594 877 2636 vel
894 2593 1150 2635 scribendum
1165 2591 1236 2646 τῆς
1256 2587 1326 2631 τοῦ
1345 2587 1444 2631 Ῥοδ.
1465 2583 1595 2642 νεώς,ι
1609 2584 1676 2631 vel

340 2667 451 2710 forte
469 2666 753 2708 reformandus
784 2666 842 2708 est
865 2664 996 2707 sermo
1021 2664 1215 2706 ad=verba
1245 2676 1332 2717 cap.
1352 2673 1418 2703 20.
1444 2659 1566 2715 [vers.
1590 2655 1674 2714 15.]

340 2733 467 2795 ταύτῃ
487 2732 776 2792 παραδείγματι
793 2732 993 2793 χρώμενοι
1014 2728 1128 2782 τότε,
1166 2729 1263 2790 πρὸς
1292 2728 1440 2789 ταύτην
1472 2730 1676 2774 ἐποιοῦντο

338 2809 413 2870 τήν
442 2812 514 2856 τοῦ
533 2806 683 2860 παντὸς
705 2806 851 2854 στόλου
873 2805 1108 2866 ναυπηγίαν.
1149 2819 1368 2850 ωιοΝον.
1398 2826 1454 2841 -
1509 2803 1676 2859 „Locus

1569 2874 1676 2916 ben·
