1734 3164
160 340 255 381 Vers.
267 350 302 386 4.

343 201 425 252 588
755 180 1254 238 AnnorAtrio'st

339 309 496 366 fingula
506 321 607 352 vero
625 307 884 365 pariajunEta
899 307 1035 351 rursus
1047 309 1156 350 inter
1174 308 1212 350 se
1224 307 1273 350 &
1282 305 1390 361 'cum
1403 307 1532 364 priori
1545 312 1676 366 ponte

337 385 382 426 in
401 382 717 438 longitudinem,
753 382 821 431 ita,
855 378 1307 434 utlongitudoipontiS,
1337 385 1537 434 quatenus
1556 381 1676 435 super

339 454 509 498 flumine
532 461 618 495 erat
637 453 806 502 stratus,
844 453 1117 494 ducentorum
1144 451 1297 504 pedum
1325 449 1437 492 effet.
1494 449 1675 494 Videtur

340 525 479 568 autem
499 524 696 579 Polybius
714 521 967 578 fignificare,
996 520 1174 577 fingulas
1192 520 1304 572 illas,
1332 534 1432 576 quas
1456 522 1582 573 dixit,
1612 535 1674 563 ra-

333 604 400 640 tes
428 594 544 638 fuiss'e
576 602 703 636 certae
735 594 939 649 cujusdam
971 593 1195 642 mensurae,
1237 591 1282 633 in
1309 591 1459 647 vulgus
1489 599 1601 636 notae
1621 590 1674 635 δι
1698 628 1701 631 ⁴

334 667 518 718 ufitatae,
546 666 702 708 scilicet
724 677 774 718 25
795 666 947 720 pedum
971 664 1014 706 in
1038 663 1317 714 latitudinem,
1350 661 1394 706 &
1413 663 1550 705 nescio
1571 669 1675 718 quot

334 735 488 795 pedum
509 739 553 781 in
571 737 888 792 longitudinem.
948 734 1028 777 Sed
1056 748 1132 789 pro
1160 734 1285 776 tertio
1307 739 1459 789 ponte,
1487 735 1559 790 qui
1586 747 1675 776 mo·

331 811 425 854 bilis
449 815 558 856 erat,
586 807 776 863 singulari
805 808 982 861 quodam
1010 819 1164 862 genere
1195 806 1345 848 ratium
1366 806 1459 848 usos
1481 804 1561 847 effe
1579 805 1671 847 Poe-

333 895 412 924 nos
435 882 513 931 ait,
543 879 720 934 ejusdem
742 879 910 933 quidem
929 877 1157 920 latitudinis
1178 887 1229 930 25
1251 878 1404 932 pedum
1412 907 1426 929 ,
1453 877 1522 919 sed
1539 876 1673 932 longi-

333 954 488 996 tudinis
509 951 642 993 multo
665 950 854 1005 majoriS,
892 950 971 1000 ita,
1011 956 1058 991 ut
1084 955 1199 990 totus
1226 947 1297 990 ille
1327 960 1456 1004 pons,
1485 947 1674 1003 quamvis

330 1025 483 1079 longus
520 1022 763 1070 admodum,
814 1020 1146 1075 (longitudinem
1173 1015 1374 1074 Polybius
1400 1033 1487 1061 non
1511 1017 1670 1069 definit,

327 1102 484 1139 emtum
506 1094 652 1149 pedum
683 1090 799 1134 fuiffe
826 1092 966 1134 Livius
996 1092 1053 1132 ait
1071 1090 1184 1134 XXI.
1206 1089 1297 1143 28.)
1317 1105 1401 1132 non
1417 1088 1668 1141 nifi„duabus

329 1169 486 1210 ratibus
512 1165 734 1214 constaret,
764 1163 807 1204 in
825 1162 1083 1204 latitudinem
1100 1162 1209 1203 inter
1225 1162 1265 1203 se
1278 1160 1432 1217 junftis
1446 1192 1459 1212 ,
1496 1175 1670 1216 quarum

325 1246 500 1293 utraque
528 1250 602 1292 per
630 1235 670 1276 se
693 1234 825 1276 multo
856 1233 1024 1288 longior
1054 1224 1297 1287 erat'quam
1325 1240 1492 1275 ceterae.
1550 1231 1670 1282 Quos

330 1324 435 1353 vero
468 1321 547 1350 nos
578 1307 646 1348 hic
668 1311 812 1360 pontes
838 1305 1039 1354 dicimus,
1079 1304 1221 1346 Livius
1249 1309 1363 1346 rates
1391 1304 1588 1359 adpellat:
1619 1301 1668 1346 &

326 1396 413 1424 non
439 1379 512 1423 nifi
540 1379 645 1421 duas
667 1383 784 1419 rates
811 1376 935 1426 dicit,
975 1375 1162 1421 alteram,
1179 1375 1378 1430 majorem
1403 1373 1448 1418 &
1473 1374 1669 1425 stabilem,

271 1461 273 1464 ⁴
326 1467 383 1497 cc
414 1452 542 1508 pedes
568 1450 771 1504 :longam3
811 1447 981 1490 alteram
1017 1447 1222 1488 minorem
1249 1445 1295 1489 &
1324 1446 1542 1497 mobilem,
1579 1445 1668 1488 lon-

143 1673 235 1712 Vers.
260 1682 292 1717 5.

140 1886 235 1926 Vei-s.
255 1886 289 1922 6.

324 1540 420 1582 gam
439 1537 465 1566 c
486 1523 639 1579 pedes;
669 1528 884 1574 utramque
903 1532 932 1559 L
953 1518 1080 1573 pedes
1099 1517 1236 1559 latam.

377 1592 510 1639 JIbid.
531 1590 798 1649 προσέβαλον.
845 1587 1124 1645 προσέβαλλον
1143 1589 1256 1644 Aug.
1277 1587 1448 1644 Reg.A.

412 1664 528 1723 Vers.
553 1678 591 1719 5.
619 1659 726 1705 κατ-οὲ
743 1662 812 1703 τοῦ
829 1661 1025 1713 ποταμοῦ.
1079 1660 1148 1703 Sic
1178 1661 1269 1702 edd.
1298 1674 1348 1701 ex
1372 1659 1472 1701 Bav.
1502 1657 1667 1701 consen-

325 1742 457 1785 tiente
479 1739 611 1782 ‘Suida
639 1737 682 1778 in
712 1733 849 1788 Ῥῦμα.
903 1733 967 1775 Ex
996 1731 1090 1777 Vat.
1118 1732 1230 1776 nulla
1250 1733 1294 1774 in
1314 1731 1472 1773 schedis
1498 1735 1667 1772 notatur

326 1814 518 1856 varietas.
1446 1797 1451 1805 ⁸

412 1884 460 1927 V
455 1880 528 1939 qus.
547 1881 587 1925 6.
616 1879 720 1934 χοῦν
738 1876 887 1932 ἔφερον
907 1874 994 1918 ἐπὶ
1009 1868 1176 1921 παίσας
1194 1869 1331 1916 πολύν.
1367 1869 1434 1916 Sic
1447 1871 1664 1916 Vat.Flor.

321 1956 550 2011 Aug4Reg.
564 1955 612 1995 A.
649 1953 810 1994 Eodem
826 1949 952 1991 modo
963 1947 1177 1990 Perottus:
1203 1947 1397 2004 postremo
1414 1957 1484 1987 eas
1499 1955 1666 1987 omnes

322 2029 442 2072 humo
491 2030 646 2081 tegunt.
717 2021 910 2077 Speciem
948 2019 1072 2060 habet
1111 2019 1255 2073 utique
1296 2011 1663 2061 ἐπιπάσαντες,

322 2101 434 2157 quod
452 2100 495 2141 in
517 2102 717 2139 contextu
734 2093 858 2135 habet
879 2091 975 2132 Bav.
995 2088 1040 2132 &
1066 2090 1174 2131 intra
1203 2089 1333 2131 lineas
1353 2088 1456 2144 Reg.
1469 2087 1520 2129 A.
1579 2075 1664 2129 sed

318 2172 541 2226 suspicatus
557 2169 664 2216 sum,
692 2166 815 2207 unice
837 2162 979 2204 deberi
998 2162 1079 2203 hoc
1103 2161 1240 2202 eidem
1261 2161 1373 2209 viro,
1395 2160 1511 2214 cujus
1533 2171 1585 2199 ex
1602 2158 1662 2199 in-

323 2243 450 2299 genio
481 2238 622 2296 pasfim
651 2236 780 2278 multa
809 2241 956 2275 novata
985 2232 1076 2274 sunt
1106 2233 1150 2272 in
1178 2231 1250 2273 illo
1278 2231 1476 2272 Bavarico
1501 2229 1662 2278 codice,

323 2327 418 2370 quae
437 2314 630 2368 ignorant
659 2307 788 2349 ceteri
818 2305 924 2347 libri.
988 2302 1236 2346 Forsan'dwl
1262 2297 1398 2343 παίσειν
1424 2301 1494 2342 ille
1519 2301 1563 2341 in
1588 2299 1660 2340 sno

325 2383 549 2439 exemplari
580 2383 818 2426 invenerat,
866 2375 976 2430 quod
1008 2373 1053 2417 &
1085 2375 1128 2416 in
1157 2375 1248 2415 cod.
1274 2373 1374 2417 Vrb.
1403 2372 1482 2422 est,
1523 2373 1661 2426 idque,

320 2455 422 2498 ficut
442 2460 530 2496 erat
548 2451 592 2494 δι
612 2448 848 2506 ingeniosus
872 2445 916 2489 &
937 2443 1107 2495 doftus,
1138 2458 1190 2485 ex
1223 2439 1491 2490 ἐπιπάσαντες
1521 2455 1660 2484 corru-

319 2534 437 2584 ptum
468 2524 642 2579 putavit.
700 2519 782 2562 Sed
813 2532 897 2559 non
926 2518 1060 2573 placet
1092 2514 1248 2570 ὲφερον
1263 2529 1358 2556 cum
1376 2515 1594 2569 pmticipio
1616 2514 1660 2554 in

321 2597 482 2641 aoristo.
541 2595 708 2635 Ferrem
731 2587 923 2645 φέροντες
944 2586 1165 2629 ἐπέπασαν.
1220 2585 1367 2641 ἔφερον
1389 2581 1660 2632 ἐπιπάσαντες

319 2668 419 2712 ferri
446 2681 531 2709 non
559 2663 670 2720 pofl'e
703 2661 884 2710 videtur,
918 2661 1033 2714 cujus
1061 2658 1252 2700 dictionis
1284 2658 1505 2699 seeundum
1536 2657 1658 2699 ratio-

327 2755 422 2786 nem
438 2737 747 2795 grammaticam
757 2734 849 2776 haec
860 2732 969 2773 foret
986 2730 1195 2780 sententia,
1219 2731 1339 2783 pri-us
1350 2729 1495 2770 Poenos
1512 2725 1656 2783 insper-

307 2811 397 2870 fiffe
417 2809 577 2854 ratibus
597 2807 782 2857 humum,
813 2803 950 2847 deinde
970 2816 1056 2844 eam
1077 2798 1301 2858 adgffſjb·
1335 2801 1446 2856 quod
1464 2813 1585 2855 quam
1607 2797 1655 2840 fit

780 2920 795 2953 β
1525 2870 1654 2912 absur-
