1742 3190
122 305 307 342 ΕΞ

146 363 241 406 vers.
264 363 296 401 8.

331 217 416 266 126
751 216 1248 264 annor-Arronzs

323 337 491 387 berem,
521 346 630 391 quae
645 333 773 377 sunt
761 348 806 376 m
829 327 956 376 latina
981 333 1118 376 nostra
1131 331 1370 385 verfione,
1372 334 1525 390 graecis
1542 333 1667 388 Poly-

329 410 461 452 bianis
486 405 684 462 subjeQ,
718 406 979 448 versabantur
1007 406 1062 447 ob
1092 405 1239 446 oculos
1260 419 1329 455 ea,
1357 418 1452 460 quae
1480 406 1536 448 de
1559 405 1669 447 Pru·
1708 442 1719 450 .

327 481 526 537 gmatica,
556 490 680 534 quarn
697 493 720 519 a
736 476 912 532 Polybio
939 474 1090 518 diuam
1109 473 1275 527 volunt,
1302 475 1362 518 H
1347 475 1484 534 βονια
1502 470 1669 530 copiose

328 551 591 595 casaubonus
619 563 666 591 ac
690 547 918 603 praesertim
941 547 1135 590 Reiskius
1162 541 1568 602 commentati-sunt:
1598 558 1670 587 cu·
1694 551 1701 565 ⁸

327 623 398 680 Jus
415 621 697 677 disputationis
709 620 906 661 sunnnam
922 620 1033 661 idem
1051 630 1296 661 REISKIVS
1315 619 1358 660 in
1367 604 1672 660 Aniinadverfl'.

332 696 390 745 ad*
402 694 623 748 Polybium
641 705 681 746 p.
698 691 726 733 6
743 691 796 745 sq.
822 691 866 732 in
889 691 983 733 haec
1014 690 1138 733 verba
1163 691 1395 732 contraxit:
1421 689 1517 740 „Est
1531 688 1671 744 imque

334 763 532 820 (inquit)
561 763 618 805 Hi
651 763 741 805 oria
758 762 1052 817 Pragmatica,
1082 761 1220 803 nostro
1238 760 1294 803 fic
1311 759 1440 812 ὤθεε,
1467 775 1536 812 ea,
1565 773 1676 816 quae,

332 850 466 893 quum
482 849 623 877 rerum
640 834 762 889 plena
778 833 827 875 fit
845 848 931 876 non
953 833 1352 888 commentitiarum,
1379 832 1449 874 sed
1473 837 1574 874 vere
1602 845 1676 887 ge-

334 909 509 958 starum,
539 906 680 947 eventi
706 906 896 960 cujusque
913 899 1094 946 rationes
1121 917 1288 955 omnes,
1316 902 1677 959 quaevquidem-ad

335 994 427 1023 rem
452 986 586 1020 totam
617 977 947 1032 cognoscendam
971 975 1016 1018 δε
1043 976 1366 1031 perspiciendam
1389 975 1483 1017 funt
1498 972 1675 1016 neceffa-

335 1053 434 1101 riae,
464 1050 686 1105 diligenter
707 1047 752 1090 &
771 1047 935 1102 copiose
954 1047 1216 1102 exsequatur,
1249 1047 1387 1088 causas
1408 1053 1547 1097 eruat,
1574 1058 1674 1088 con-

335 1122 547 1177 sequentia
566 1109 836 1169 demonstret,
865 1131 1002 1174 eoque
1026 1117 1228 1160 le&orem
1252 1119 1470 1174 prudentia
1497 1115 1676 1159 civili&

295 1231 300 1240 .
336 1194 532 1237 facultate
555 1191 724 1233 instruat
743 1203 840 1232 cum
858 1191 910 1231 de
927 1190 1171 1231 narrationis
1198 1188 1440 1232 auc'toritate
1451 1188 1676 1243 judicandi,

336 1273 450 1316 tum,
476 1263 506 1305 fi
525 1276 632 1318 opus
649 1261 717 1314 fit,
744 1275 812 1303 res
831 1275 952 1317 pares
970 1262 1181 1316 gerendi.“
1236 1262 1292 1303 Et
1318 1261 1404 1303 vim
1421 1261 1530 1302 illius
1549 1261 1677 1302 deno-

338 1336 578 1379 minationis
598 1335 754 1389 optime
772 1334 1004 1388 exprimere
1023 1333 1079 1374 ait
1095 1345 1270 1384 nomen,
1298 1333 1405 1388 apud
1426 1331 1674 1387 Francogal-

336 1410 404 1451 los
422 1407 631 1456 usitatum,
659 1405 717 1447 H
704 1405 833 1462 βοινε
851 1399 1064 1459 raffonne‘e.
1095 1424 1152 1435 —
1196 1404 1394 1445 Haerebat
1409 1416 1548 1459 porro,
1578 1415 1678 1444 cum

339 1481 413 1523 ista
430 1480 670 1529 scriberem,
700 1478 836 1519 animo
865 1476 960 1518 usus
987 1476 1077 1525 ille,
1106 1476 1177 1530 qui
1202 1475 1337 1517 nostra
1355 1475 1556 1516 memoria
1574 1474 1677 1515 olim

339 1553 385 1594 in
403 1540 622 1593 Germania
637 1549 721 1590 late
741 1548 940 1598 obtinuit,
969 1554 1016 1588 ut
1033 1547 1232 1589 Historias
1242 1575 1254 1597 ‚
1285 1559 1387 1601 quas
1410 1546 1485 1588 tali
1503 1546 1678 1601 quadam

339 1623 520 1673 ratione,
557 1621 721 1676 qualern
747 1619 846 1662 Reis
849 1619 908 1660 ku
936 1620 1073 1660 verbis
1101 1619 1226 1659 modo
1254 1618 1548 1672 explicuimus»,
1580 1629 1680 1658 oon-

339 1695 510 1749 scriptas
535 1691 832 1747 profitebantur
858 1688 1069 1740 annom,
1099 1689 1464 1743 pragmaticarum
1481 1688 1680 1745 H1st0ria-
1722 1688 1726 1694 “

337 1779 436 1808 rum
463 1765 632 1806 nomine
660 1763 789 1817 vulgo
820 1762 1040 1803 vernacula
1065 1761 1132 1802 sua
1151 1760 1410 1815 insignirent,
1437 1773 1516 1801 nec
1533 1745 1680 1814 pai-um

341 1837 415 1879 fibi
443 1837 486 1877 in
506 1834 751 1891 grandisono
777 1833 899 1875 titulo
927 1833 1093 1887 placere
1120 1833 1370 1874 viderentur.
1427 1817 1682 1887 Nempe‘ita,

341 1908 434 1963 post
454 1918 827 1955 casavBoNvM,
854 1916 1105 1947 Rmsmvs
1129 1904 1277 1958 aliique
1300 1902 1373 1944 fibi
1393 1903 1683 1958 persuaserant,

336 1979 586 2034 Polybium,
617 1992 714 2019 cum
731 1977 954 2018 Historiam
973 1976 1084 2016 suam
1106 1989 1139 2016 τι·
1149 1991 1171 2030 ρ
1183 1986 1245 2026 my
1255 1970 1452 2030 ματικῆ
1460 1988 1481 2016 ν
1498 1976 1684 2016 nomina-

343 2052 427 2100 vit,
455 2050 709 2105 peculiarem
732 2049 844 2090 illam
868 2048 1093 2098 rationem,
1122 2052 1202 2101 qua
1227 2048 1270 2088 in
1289 2047 1542 2102 exponendis
1558 2047 1698 2088 rebus*

344 2122 471 2178 gestis
493 2121 575 2176 ipse
596 2121 690 2162 usus
710 2119 781 2169 est,
813 2118 1040 2174 respexisse.
1096 2111 1250 2173 Atque,
1281 2125 1329 2160 ut
1346 2119 1432 2159 vim
1451 2118 1683 2160 notionem.

343 2206 447 2248 que,
477 2206 600 2247 quam
626 2193 723 2233 huic
751 2191 957 2232 vocabulo
982 2189 1106 2231 inesse
1131 2189 1327 2244 putabant
1352 2187 1566 2230 dottiffimi
1590 2188 1684 2239 viri,

343 2264 620 2319 explicarent,
646 2270 896 2305 monuerunt
912 2262 1060 2316 primo,
1090 2262 1132 2303 id
1152 2262 1263 2315 quod
1280 2273 1356 2315 per
1374 2260 1413 2300 sc
1432 2259 1682 2303 veriffimum

345 2334 426 2385 est,
457 2333 672 2376 obtinuifi'e
700 2347 860 2375 morem
887 2346 1027 2388 graece
1056 2333 1335 2387 loquentium,
1373 2339 1421 2372 ut
1445 2327 1688 2386 πράγματα.

345 2404 600 2460 potiffimum
620 2407 806 2447 dicerent
821 2404 979 2458 publica
1011 2406 1195 2458 negotia,
1223 2414 1474 2459 quaecumque
1501 2402 1564 2443 vel
1584 2414 1686 2456 pace

343 2478 410 2518 vel
435 2475 532 2518 bello
560 2475 613 2518 ab
641 2477 698 2518 eis
719 2483 944 2531 geruntur,
972 2477 1042 2531 qui
1067 2475 1348 2528 rempublicam
1375 2473 1686 2530 administrant,-

343 2554 436 2591 tum
462 2561 586 2598 vero,
615 2549 752 2590 virum
775 2543 1067 2602 πραγματικόν
1088 2547 1195 2601 apud
1212 2536 1392 2587 Graecos‘
1412 2546 1605 2586 dici‘non
1622 2545 1685 2586 soa

342 2610 557 2672 lumsseum,
588 2621 657 2675 qui
675 2620 835 2674 publica
852 2621 1013 2672 negotia
1031 2623 1215 2666 curaret,
1245 2617 1312 2658 sed
1330 2617 1454 2657 etiam
1480 2618 1550 2672 qui
1569 2615 1684 2673 usum

345 2704 484 2733 rerum
501 2704 695 2745 magnum
713 2689 877 2733 haberet
894 2687 945 2733 &
961 2690 1197 2743 industriam
1211 2688 1440 2744 perficiendi
1450 2718 1463 2737 ,
1491 2688 1688 2744 quidquid

334 2760 460 2819 semel
474 2761 721 2819 institufflt:
750 2776 898 2817 porro,
930 2756 1223 2817 πραγματικδν
1242 2761 1479 2809 πολίτευμα
1496 2745 1584 2802 esse
1597 2772 1686 2802 eon-

334 2834 586 2892 stitutionem
611 2836 711 2891 reip.
735 2833 998 2890 prudentem,
1040 2832 1093 2876 ab
1115 2830 1340 2874 hominibus
1352 2829 1605 2887 sapientibus
1627 2829 1684 2875 ⁴&

1610 2899 1688 2960 usu
