1742 3190
319 218 410 263 ‘354
741 213 1237 250 ᾹοΝοτΛτιοΝΕε

129 292 307 313 *

131 313 306 383 ‘'aff-{⁴
327 322 404 370 tiS‚
433 318 478 363 δι
496 318 644 361 deinde
665 319 707 360 in
726 318 852 361 Notis
870 319 1014 360 msstis
1031 307 1151 373 plane
1172 322 1404 370 contendit,
1434 323 1467 376 β
1473 337 1496 376 ρ
1509 322 1567 363 αδ
1575 339 1594 363 ε
1605 324 1670 377 ῖοι]

326 407 405 449 pro
426 390 618 448 βραχὲῐαη
633 388 716 432 vesse
734 390 971 444 legendum,
1011 387 1119 438 Quae
1137 393 1370 433 emendatio
1389 392 1667 449 ita'infignem
1716 397 1728 405 ⁴

330 465 419 506 veri
439 464 616 518 speciem
633 461 784 502 habere
803 460 903 501 mihi
924 459 1006 501 visa
1023 460 1102 511 est,
1131 463 1178 503 ut
1199 468 1430 517 temperare
1454 464 1557 505 mihi
1582 477 1667 505 non

329 533 500 591 pofl'em,
521 534 618 587 quin
627 532 670 573 in
682 531 809 586 ipsum
826 526 1066 572 contextum
1076 532 1325 587 adoptarem.
1359 534 1523 576 Eodem
1540 537 1667 577 modo

331 605 428 650 VII.
452 616 511 657 17,
526 611 564 654 8.
579 605 654 653 ait,
680 601 868 657 βραδεῖαν
889 599 1102 654 συνέβαινε
1124 598 1316 658 «γίιγνεξθαι
1336 599 1407 659 τήν
1427 604 1666 661 ἐπικουρίαν.

333 676 379 720 &
398 675 473 718 IX.
494 687 563 728 43,
581 674 622 717 6.
643 673 831 729 βραδεῖαν
849 667 1059 725 συμβαίνει
1082 671 1273 728 «γίγνεθοη
1301 669 1372 730 τήν
1406 673 1565 731 κομιδήν
1591 677 1670 718 τῶν

334 742 548 798 δυνάμεων.
607 746 788 787 Literam
813 758 914 785 vero
943 741 986 784 X
1015 758 1111 786 cum
1139 743 1173 786 Δ
1202 759 1417 801 perperam
1444 750 1670 790 commuta-

334 826 420 862 tam
449 818 493 860 in
523 816 713 859 omnibus
740 815 954 857 codicibus
982 816 1128 858 nostris
1156 818 1310 872 pariter
1338 819 1516 862 vidimus
1545 820 1615 862 lib.
1635 820 1670 862 Ι.

335 903 425 945 cap.
448 900 486 940 2,
508 899 548 941 3.
1656 886 1664 895 ‘

416 972 523 1017 Ibid.
555 973 634 1019 τοῐὶς
665 968 964 1027 προειρημένοις.
1021 969 1202 1014 Temere
1233 973 1476 1017 felicitatum
1506 976 1670 1018 videtur

333 1047 416 1089 hoc
438 1046 611 1087 verbum
631 1057 655 1084 a
674 1043 889 1099 Gronovio
909 1041 1009 1095 esse,
1045 1044 1115 1098 qui
1142 1057 1324 1098 graecam
1356 1045 1542 1100 syntaxin
1565 1047 1667 1088 tole-

334 1131 425 1160 rare
443 1116 542 1158 illud
565 1121 714 1170 negat,
747 1112 791 1156 &
813 1112 1034 1155 neceffario
1059 1114 1283 1168 legendum
1305 1118 1384 1164 τοῖς
1403 1115 1670 1172 προκειμένοις

336 1189 570 1237 contendit,
599 1188 641 1228 id
661 1187 740 1235 est,
773 1186 854 1231 τοῖς
873 1180 945 1239 τήν
966 1184 1168 1240 παραλίαν
1195 1188 1354 1229 οἰκοῦσι.
1413 1189 1509 1231 Non
1539 1197 1670 1230 unum

333 1260 415 1302 hoc
433 1259 491 1301 est
509 1258 762 1312 exemplum,
794 1271 876 1311 quo
894 1255 1194 1299 construetione
1216 1273 1300 1302 non
1321 1261 1371 1301 ad
1389 1260 1570 1310 literam,
1602 1260 1670 1301 sed

336 1333 387 1373 ad
417 1330 593 1377 sensum,
627 1335 675 1370 ut
701 1329 811 1382 ajunt
840 1327 1131 1377 Grammatici‚
1170 1330 1298 1370 utitur
1326 1330 1538 1385 Polybius.
1585 1333 1669 1379 τοῖς

334 1399 644 1458 προειρημένοις,
684 1407 782 1454 puta
809 1399 860 1456 τῇ
887 1395 1029 1453 Ἠλείᾳ
1056 1395 1121 1454 καὶ
1150 1399 1376 1456 Μεσσηνίᾳ,
1416 1410 1515 1457 quas
1541 1404 1669 1444 modo

332 1474 637 1520 nominaverat3
663 1472 705 1512 id
723 1485 846 1519 vero,
873 1471 922 1511 ad
941 1470 1178 1512 sententiam
1201 1464 1390 1526 quidem,
1414 1474 1524 1515 idem
1542 1473 1600 1515 est
1620 1487 1669 1515 ac

326 1547 413 1590 ’τοῖς
432 1537 601 1589 Ἠλείοις
621 1538 686 1597 unc)
707 1536 962 1595 Μεσσηνίοις,
998 1534 1068 1583 νεΙ
1090 1545 1170 1589 τοῖς
1197 1538 1268 1598 τήν
1289 1539 1450 1591 Ἠλείας
1473 1540 1538 1599 καὶ
1557 1545 1666 1587 Μεσ-

331 1614 466 1671 σηνίας
496 1612 699 1669 παραλίαν
723 1613 958 1655 κατοικοῦσι.
1017 1612 1142 1662 Quod
1174 1623 1312 1657 autem
1338 1616 1443 1657 libro
1462 1617 1494 1658 I.
1519 1618 1664 1666 eadem

330 1689 456 1730 verba
475 1683 763 1743 (προειρημένοι
790 1685 834 1727 &
853 1679 1121 1740 προκείμενοι)
1141 1687 1304 1729 confusa
1328 1688 1384 1731 ait
1413 1686 1665 1738 Gronovius,

329 1758 496 1814 respicit
516 1771 604 1813 cap.
625 1769 691 1809 42,
712 1756 751 1799 6.
768 1757 838 1798 ubi
859 1758 894 1797 is
916 1770 1031 1804 error
1050 1770 1134 1798 non
1152 1757 1223 1798 nifi
1243 1759 1415 1801 fortuito
1429 1759 1544 1814 ‚lapsu
1566 1773 1663 1817 ope-

328 1844 467 1873 rarum
487 1829 839 1883 Hervagianarum
862 1827 1096 1870 commiss'us
1117 1837 1217 1870 erat.

417 1914 522 1957 Ibid.
539 1908 837 1970 παραβοηθειοᾳ
856 1911 970 1955 τεξὶε
992 1915 1193 1956 dederunt
1211 1914 1423 1958 Vat.Flor.
1436 1914 1547 1970 Aug.
1558 1915 1663 1971 Reg.

329 1987 386 2030 A.
434 1987 600 2028 Nomen
631 1986 816 2040 legitime
845 1983 1066 2027 dedu6tum
1092 2000 1116 2027 a
1141 1986 1267 2027 verbo
1288 1985 1584 2042 παραβοηθεῖν,
1615 1993 1664 2029 ut
1694 2031 1699 2038 x

327 2060 355 2099 ’ἐ
331 2053 476 2111 ἐνπιβο
454 2083 485 2112 η
484 2057 574 2115 Jeme
594 2059 701 2113 apud
720 2055 1045 2111 Xenophontem
1067 2042 1164 2098 loco
1181 2057 1305 2113 paulo
1334 2066 1428 2099 ante
1459 2059 1584 2100 citato
1611 2058 1661 2099 ab

325 2112 580 2185 ἐπιβοηθεῖν.

121 2236 128 2264 t
415 2214 523 2257 Ibid.
540 2209 637 2270 πρός
655 2230 728 2261 τας
750 2208 982 2268 αποβοέσεις.
1022 2214 1267 2256 particulam
1285 2207 1343 2269 δὴ,
1370 2226 1491 2269 quam
1508 2214 1659 2268 impor-

322 2289 423 2328 tune
443 2286 569 2341 vulgo
586 2287 654 2328 hic
670 2286 878 2341 inserunt,
907 2286 1100 2341 ignorant
1122 2286 1214 2330 Vat.
1238 2284 1282 2327 δε
1299 2286 1333 2327 F
1334 2285 1411 2327 lor

143 2368 340 2430 vest-3
409 2370 523 2426 Vers.
547 2385 585 2425 3.
623 2386 824 2423 Ιγενομεενοι
856 2386 926 2426 της
957 2366 1145 2426 Ἠπείρου
1183 2385 1289 2411 κατα
1325 2368 1518 2423 Φοινίκην.
1577 2369 1669 2411 De·-

320 2442 464 2485 buerat
481 2445 530 2484 ad
550 2444 720 2485 verbum
741 2444 868 2492 verti3
897 2455 1020 2498 quum
1038 2439 1294 2497 versarentur
1312 2443 1419 2483 circa
1438 2440 1660 2492 Phaenicen,

321 2513 443 2567 Epiri
459 2514 610 2556 urbem.

138 2597 231 2636 Vers.
250 2609 284 2645 4.
403 2597 518 2653 Vers.
539 2611 579 2653 4.
606 2599 743 2643 Verba
777 2595 978 2653 ἐξέβησαν
1010 2598 1132 2652 usque
1165 2598 1235 2653 τῆς
1257 2594 1410 2646 πόλεως
1442 2596 1581 2640 absunt
1605 2594 1657 2637 ab

312 2667 427 2726 Aug.
444 2670 488 2712 &
509 2670 676 2724 Reg.A.
745 2670 850 2712 Ibid.
881 2669 1050 2711 ἔσωθεν.
1105 2669 1174 2710 Sic
1205 2671 1341 2725 scripti
1366 2671 1460 2712 libri
1487 2680 1656 2716 omnes;

312 2742 426 2796 quod
445 2754 540 2782 cum
564 2756 586 2781 a
609 2742 743 2796 primo
766 2742 948 2791 editore,
978 2742 1123 2782 calami
1151 2739 1320 2783 dustum
1350 2743 1508 2783 codicis
1530 2740 1656 2781 Bava-

310 2812 387 2854 rici
402 2813 617 2868 perperam
644 2812 885 2866 accipiente,
911 2813 956 2854 in
976 2811 1155 2854 ἔντωθεν
1178 2811 1278 2855 ess'et
1300 2813 1581 2869 depravatum,
1613 2812 1661 2851 in‘

1486 2883 1658 2926 ἔνι-σθεν
