1742 3190
60 229 236 260 32——

81 284 148 317 ver

78 685 173 725 vers.
192 697 225 731 7.

261 146 348 198 408
686 158 1173 192 anno-ramenta
1252 168 1256 171 ⁴

194 256 365 327 4Jbid.
386 259 744 313 περιπεπορεῧιθοᾳ.
800 260 847 301 In
865 255 1180 316 wepmopezssecssoq
1194 275 1293 303 cum
1313 261 1347 305 F
1347 262 1424 305 lor
1442 261 1483 305 δι
1507 264 1596 306 aliis

263 328 523 372 consentiunt
560 330 664 385 Reg.
686 332 729 373 Β.
748 329 795 372 C.
867 332 1060 374 Mendose
1098 329 1465 388 περιπεπορεύεεθοᾳ
1502 334 1596 378 Vat.

263 398 369 443 Ibid.
395 396 858 456 προκαταλαμβάνεθεᾳ.
914 400 1285 457 προκαταλαβέθοᾳ
1322 403 1454 447 voluit
1490 405 1596 448 Reis-

261 470 382 516 kius:
423 478 605 523 temere3
651 474 834 515 nondum
863 474 974 515 enim
1010 462 1336 529 occupaveraut,
1370 475 1438 517 sed
1468 476 1511 518 in
1542 491 1598 518 eo

264 548 405 597 erant,
429 550 478 586 ut
498 552 760 600 occuparent.
836 542 940 586 Ibid.
969 543 1274 595 ἐξαπέστελλον,
1327 544 1597 596 ἐξαπέστελον

263 612 375 656 Flor-

346 681 463 739 Verss
481 696 520 738 7.
545 683 846 741 παρενέβαλλον
863 686 1000 741 recepi
1024 700 1072 726 ex
1095 687 1204 742 Aug.
1222 687 1325 742 Reg.
1335 686 1387 730 A.
1432 685 1596 744 παρενέ·

187 767 189 769 ·
262 755 393 809 βαλον
415 757 505 798 edd.
526 771 624 799 cum
643 758 737 800 Bav.

77 829 171 868 Vers.
192 838 228 871 8.

100 1229 187 1272 cap.

65 1274 227 1314 XXVIII.

74 1333 167 1370 ἵει-Γ.
190 1345 220 1371 1.

77 1469 173 1513 ναι-ἶ.
195 1480 228 1506 2.

82 1752 175 1790 Vers.
196 1762 229 1801 3.

350 824 398 870 V
393 825 465 880 etss
476 832 514 878 8.
535 822 641 867 nmo&
658 822 703 868 τὸ
724 820 866 877 στόμα.
893 827 1123 870 Articulum
1142 842 1227 870 non
1249 829 1475 884 agnoscunt
1486 829 1595 884 Aug.

261 897 430 952 Reg.A.
486 897 592 940 Ibid.
621 893 881 953 προσεδόκων.
927 898 1168 953 perperam,
1203 899 1247 942 &
1267 901 1407 942 invitis
1424 901 1463 941 h.
1482 900 1508 940 1.
1529 915 1598 942 co-

261 969 422 1011 dicibus
440 969 654 1020 omnibus,
682 965 945 1025 προσεδόκων
973 970 1125 1011 habent
1141 971 1206 1013 ed.
1226 982 1265 1013 2.
1286 983 1323 1025 3.
1344 982 1384 1024 4.
1406 972 1596 1025 quemad-

260 1040 431 1082 modum
445 1041 617 1095 quidem
636 1041 741 1082 infra
759 1042 828 1084 dat
844 1054 951 1085 unus
971 1042 1065 1082 cod.
1085 1039 1187 1100 Vrb.
1211 1055 1299 1097 cap.
1319 1046 1384 1093 28,
1407 1053 1446 1096 3.
1475 1041 1596 1084 conf.

261 1110 313 1155 ad
336 1109 369 1155 I.
392 1121 460 1165 53,
483 1124 498 1153 1
513 1124 557 1155 1..

630 1222 663 1266 C
691 1224 734 1266 A
763 1225 795 1266 P
826 1223 866 1269 V
893 1224 934 1268 T
989 1223 1232 1268 XXVIII.

347 1321 397 1365 V
391 1321 463 1378 erſs
486 1335 520 1366 1.
546 1321 691 1371 Πίσας.
733 1321 892 1372 Ultro-024
911 1324 1046 1366 rursus
1068 1325 1160 1366 edd.
1186 1339 1240 1366 ex
1264 1325 1360 1370 Bav.
1407 1323 1518 1370 Vide
1548 1326 1603 1369 ad

265 1408 358 1451 cap,
375 1407 443 1449 27,
471 1408 506 1437 1.

350 1465 399 1508 V
392 1463 464 1520 effi
485 1478 521 1510 2.
553 1460 642 1513 τούς
662 1467 737 1517 μὲν
760 1466 902 1514 ἷππὸῗς.
947 1465 1070 1509 Caret
1095 1467 1172 1518 μὲν
1193 1466 1308 1523 Aug.
1372 1465 1476 1517 Ibid.
1504 1467 1606 1522 βοηι

263 1531 476 1591 δήσαντας.
518 1533 806 1593 βοηθήσαντας
832 1539 896 1581 ed.
917 1550 956 1591 4.
976 1550 1012 1592 5.
1037 1552 1179 1580 errore
1206 1552 1435 1593 operarum.
1493 1538 1601 1580 lbid.

265 1607 574 1658 ἐξαπέστελλον.
625 1608 897 1660 ἐξαπέστελον
920 1610 954 1652 F
954 1610 1030 1652 lor.
1095 1609 1201 1652 Ibid.
1228 1605 1373 1661 τοίέετς.
1419 1605 1600 1665 παρανοί.

265 1680 346 1732 {aa
367 1680 465 1724 Vrb.
486 1681 622 1724 minus
645 1681 772 1723 reste.

354 1750 468 1806 Vevss
495 1766 533 1806 3.
572 1748 875 1799 Γαισάτους.
935 1750 1003 1794 Sic
1030 1752 1069 1793 h.
1099 1750 1131 1795 l.
1153 1764 1323 1802 omnes,
1361 1753 1432 1807 qui
1461 1759 1604 1821 tamen3

264 1823 391 1867 iidem
420 1837 517 1865 mox
548 1824 647 1867 vers.
674 1829 712 1875 8.
743 1825 788 1865 in
815 1824 1115 1866 nominativum
1141 1823 1286 1878 primae
1314 1824 1599 1865 declinationis

263 1890 460 1950 l'maoiroq
477 1896 747 1938 consentiunt.
775 1893 894 1937 conf.
915 1895 966 1936 ad
983 1894 1038 1936 Π.
1062 1905 1129 1944 22,
1154 1907 1187 1936 1.
1245 1887 1599 1950 Ibidff‘Icoasspoec.

176 1965 179 1972 ’
265 1965 334 2009 Sic
360 1967 455 2009 Bav.
481 1967 590 2009 Flor.
612 1967 721 2021 Aug.
743 1965 847 2022 Reg.
858 1966 910 2009 A.
930 1973 1032 2022 puto
1055 1964 1099 2008 &
1122 1964 1219 2009 Vah.
1268 1963 1387 2008 Conf.
1414 1980 1524 2008 mOX.
1551 1966 1602 2008 ad
1672 1946 1678 1955 ”

86 2254 180 2295 Vers.
198 2266 232 2302 4.

267 2037 368 2080 vers.
385 2049 425 2090 7.
462 2034 675 2092 Ἰσόμβροες
701 2039 765 2080 ed.
791 2050 827 2078 ι.
851 2049 892 2080 2.
917 2037 1079 2093 Reg.C.
1101 2037 1330 2079 errantibus
1357 2039 1399 2080 in
1428 2045 1603 2079 accentu

269 2110 435 2162 operis:
474 2110 570 2151 hinc
590 2104 820 2163 Ἰσόμβρους
847 2122 955 2151 unus
976 2110 1078 2164 Reg.
1091 2109 1137 2150 Β.
1159 2107 1204 2150 &
1226 2110 1320 2151 inde
1349 2111 1412 2152 ed.
1438 2108 1603 2151 Casaub.

271 2177 315 2221 &
336 2180 443 2235 seqq.
485 2179 595 2240 Vide
613 2182 662 2223 ad
679 2182 728 2222 Π.
757 2192 818 2232 17,
839 2190 880 2233 4.

359 2250 405 2292 V
403 2249 474 2306 ers.
496 2263 535 2303 4.
563 2250 854 2306 παρενέβαλον.
890 2267 920 2292 π
931 2267 956 2291 oe
964 2265 987 2309 ρ
997 2267 1017 2291 ε
1026 2265 1047 2292 ν
1058 2248 1080 2291 έ
1084 2252 1116 2304 β
1126 2266 1152 2290 οι
1162 2251 1221 2291 λλ
1232 2265 1249 2290 ο
1261 2264 1282 2291 ν
1302 2250 1411 2305 Aug.
1426 2252 1535 2305 ,Reg.
1547 2250 1604 2292 A.

271 2323 382 2376 quod
393 2330 608 2379 receptum
623 2323 774 2364 malim.
830 2321 936 2364 Ihid.
954 2318 1025 2376 τήν
1043 2320 1225 2364 ἐναντίοιν
1243 2321 1318 2373 μὲν
1335 2317 1475 2363 στάσιν
1487 2321 1603 2374 ἔχον-

270 2408 344 2443 τας
365 2396 445 2441 τοῖς
465 2391 765 2450 προειρημένοις.
797 2388 936 2439 στάσις
950 2393 1017 2435 hic
1026 2393 1253 2449 pofitionem
1272 2394 1337 2436 vel
1357 2392 1606 2435 direffionem

206 2493 209 2500 ·
270 2466 453 2508 denotat.
510 2467 566 2508 Et
594 2465 702 2507 valet
726 2465 794 2506 hic
821 2465 940 2506 locus
968 2465 1018 2506 ad
1048 2463 1374 2507 confirmandum
1394 2466 1457 2515 id,
1495 2464 1605 2519 quod

87 2612 182 2653 vers.
198 2621 231 2657 7.

271 2537 323 2577 de
343 2536 474 2591 phrafi
493 2534 640 2589 οἷνέμου
659 2531 798 2582 στάσις
817 2536 900 2577 dixi
922 2536 972 2577 ad
987 2536 1022 2584 I.
1047 2540 1114 2588 48,
1137 2547 1175 2578 2.

357 2607 405 2650 V
399 2606 470 2662 ers.
493 2622 531 2664 7.
547 2602 767 2662 Ἴσομβρες
787 2605 889 2650 Vrb.
908 2606 1002 2650 Vat.
1019 2607 1128 2648 Flor.
1150 2606 1256 2661 Aug.
1269 2607 1431 2663 Reg.A.
1466 2599 1607 2658 ’Ίσομ-

269 2677 359 2733 βροι
391 2679 488 2720 Bav.
517 2681 619 2735 Reg.
632 2681 676 2721 Β.
705 2680 768 2720 ed.
794 2689 817 2719 2
844 2676 888 2720 &
911 2677 1019 2732 seqq.
1071 2672 1271 2733 Ἰσόμβροι
1300 2681 1362 2721 ed.
1390 2693 1423 2721 ι.
1446 2680 1548 2734 Reg.
1559 2676 1604 2719 C.

270 2750 374 2798 Ibid.
395 2752 472 2799 τῶν
495 2752 672 2807 σαγῶν.
724 2749 792 2795 Sic
811 2750 851 2798 h.
871 2749 899 2791 l.
918 2762 1085 2800 omnes,
1112 2750 1248 2811 scripti
1269 2750 1313 2798 &
1328 2751 1452 2802 editi,
1483 2757 1607 2804 atque

1481 2821 1606 2866 etiam
