1734 3164
310 185 397 240 664
644 212 648 216 >
734 167 1260 230 Anno-rAmomzs'

87 287 90 291 ⁴
119 269 296 303 ΞΕ
318 299 481 344 Monuit
508 297 723 349 Reiskius,
759 296 947 340 terfiores
978 297 1196 352 scriptores
1228 310 1320 339 cum
1344 298 1530 354 genitIvo
1552 296 1646 357 casu

320 370 553 412 construere
575 363 677 411 illud
698 369 891 411 verbum:
919 368 986 410 sed
1002 369 1136 410 rursus
1157 368 1354 427 Polybius
1373 382 1470 412 cum
1487 365 1644 414 aecusa-

145 468 149 473 ·
303 442 412 484 tivo
430 440 591 495 usurpat
610 439 768 482 XVIII.
791 445 856 490 28,
882 452 917 481 Ι.

145 512 238 552 vers.
257 521 291 557 7.
411 508 525 564 Vens.
538 522 578 563 7.
601 508 828 552 Ἀπέννινον
847 509 979 564 scripli
991 523 1085 551 curn
1098 509 1210 565 Aug.
1240 496 1646 565 ἈπεννινδνΚἛζΑ.

307 579 530 625 -Ἇπενίνον
559 583 657 624 Bav.
688 581 733 624 &
764 583 828 623 ed.
847 578 898 623 ι.’
938 577 1167 624 Ἀπεννίνων
1191 581 1295 635 Reg.
1315 582 1359 623 B.
1379 581 1424 624 C.
1452 580 1498 624 &
1527 582 1603 622 ed.
1620 591 1646 622 2

325 653 370 696 &
397 653 503 708 seqq.
543 652 660 697 Conf.
687 667 773 707 cap.
806 664 895 703 110,
916 662 958 706 9.
1014 673 1073 685 ·—·
1130 651 1233 694 Ibid.
1261 653 1448 695 Eavffnu
1473 653 1650 694 circum-

308 725 437 767 flexo
463 732 636 766 accentu
664 724 919 765 scribendum
947 723 1100 777 putavi.
1159 722 1303 778 Vulgo
1331 737 1476 765 omnes
1504 719 1650 765 Σαυνί-

329 809 400 837 vm.
444 816 501 829 --
557 794 660 837 Ibid.
677 794 833 837 πολλῶν
854 789 1010 849 χρόνων
1034 790 1298 848 ἀπολέμητον.
1353 794 1490 841 Habet
1505 794 1651 843 Suidas

329 868 372 908 in
393 863 680 921 Ἀπολέμητον.
719 865 837 915 Conf.
860 865 910 907 ad
925 865 998 908 III.
1019 870 1085 919 85,
1105 877 1148 919 9.

149 942 243 982 Vers.
262 949 313 984 8-·
417 937 465 980 V
459 935 531 992 enf-
555 943 594 989 8-
624 930 936 989 Οὖενοοιντοίνην.
987 937 1072 979 Liv.
1101 936 1238 980 XXII.
1273 945 1336 987 13.
1365 935 1574 979 Hannibal
1599 947 1653 978 ex

310 1007 516 1063 -Hirhinis
536 1010 577 1052 in
602 1008 812 1050 Samnium
843 1007 1010 1063 transtt:
1046 1007 1366 1050 Beneventanum
1392 1007 1656 1064 depopulatur

255 1115 257 1117 ,
310 1092 495 1133 «agrum.
550 1077 677 1123 Varie
697 1079 802 1133 apud
821 1079 956 1119 varios
977 1092 1141 1133 graecos
1158 1080 1375 1135 scriptores
1396 1079 1565 1122 effertur
1579 1077 1653 1120 hu·
1691 1132 1695 1136 ι

287 1150 395 1205 »jus
415 1151 558 1205 oppidi
579 1163 745 1191 nornen.
802 1144 1059 1191 Βενεούεντον
1087 1152 1192 1206 apud
1225 1149 1479 1196 Strabonem.
1536 1148 1654 1190 Βενε-

311 1216 474 1274 »βεντός
503 1222 608 1276 apud
635 1219 891 1275 Appianum,
932 1220 976 1263 &
996 1220 1048 1262 fic
1065 1221 1189 1264 habet
1219 1220 1359 1277 Steph.
1376 1221 1482 1277 Byz.
1537 1219 1654 1262 Βενε-

335 1286 513 1339 ούεντον,
544 1285 662 1346 ἤγουν
681 1287 952 1345 Οὐενέβεντος
974 1292 1236 1335 Ptolemaeus.

418 1361 523 1404 Ibid.
545 1351 648 1404 ἔῗλον
665 1362 705 1404 δὲ
721 1358 786 1419 καὶ
805 1358 920 1405 πόλιν
943 1359 1103 1405 Οὐενο
1115 1361 1232 1404 υσιόε
1241 1378 1273 1407 ν.
1316 1362 1458 1406 Livius
1477 1362 1504 1405 l.
1522 1376 1559 1405 c.
1574 1362 1658 1406 rTe-

334 1432 463 1487 testam
495 1434 631 1476 urbem
661 1435 779 1489 capit.
838 1436 991 1490 Agitur
1019 1436 1068 1476 de
1095 1434 1248 1477 Samnii
1277 1434 1377 1476 urbe
1387 1464 1400 1489 ‚
1437 1432 1482 1476 δε
1502 1431 1658 1490 'Telefia

335 1504 443 1546 haud
482 1506 602 1547 dubie
631 1506 674 1546 in
700 1503 865 1547 Samnio
893 1512 1002 1548 erat:
1051 1505 1222 1562 Venufia
1253 1512 1396 1548 contra
1423 1505 1469 1547 in
1494 1504 1658 1560 Apulia,

312 1595 315 1598 ,
335 1574 418 1616 five
438 1576 480 1616 in
502 1576 667 1631 Apuliae
690 1576 964 1632 Lucaniaeque
985 1576 1240 1627 confinibus;
1277 1590 1402 1632 quare
1426 1576 1496 1618 vix
1525 1574 1659 1630 potest

338 1646 379 1687 ei
394 1646 512 1687 locus
529 1647 597 1688 hic
615 1649 810 1695 concedi,
839 1655 884 1690 ut
904 1647 951 1693 ἃ
972 1648 1039 1691 alii
1057 1647 1102 1690 &
1121 1648 1479 1692 Drakenborchius
1499 1647 1549 1689 ad
1560 1635 1660 1689 nv.

322 1715 364 1758 -l.
388 1731 424 1759 c.
444 1725 713 1767 monuerunt,
750 1718 794 1760 &
820 1718 931 1762 resta
961 1716 1162 1762 Τελεσίαν
1187 1734 1238 1760 ex
1263 1720 1380 1763 Livio
1405 1719 1512 1774 apud
1536 1717 1660 1772 Poly.

338 1787 452 1829 bium
486 1789 774 1843 corrigendum
805 1788 1007 1832 Cluverus
1042 1791 1353 1846 pronunciavit,
1397 1790 1485 1834 Ital.
1514 1789 1659 1843 Antiq.
1722 1844 1726 1846 ἡ

267 1881 270 1886 -
339 1871 380 1912 p.
406 1867 522 1910 1224.
581 1860 645 1901 Ac
666 1860 756 1900 sane
766 1891 778 1911 ‚
795 1866 1062 1919 'quamquam'
1074 1861 1241 1904 Samnio
1268 1861 1488 1903 attribuere
1518 1858 1662 1903 Venu-

318 1927 435 1969 -fiam
456 1930 616 1972 videtur
635 1929 778 1977 Strabo
796 1931 864 1974 lib.
885 1931 938 1977 V,
961 1945 1000 1987 p.
1021 1944 1115 1985 250.
1141 1935 1276 1974 tamen
1299 1931 1507 1974 &diserte
1524 1930 1660 1972 rursus

317 2029 319 2033 .
341 2001 526 2041 eamdem
546 2001 588 2042 in
609 2002 782 2043 Lucanis
799 2003 915 2056 ponit
933 2003 1001 2045 lib.
1019 2002 1090 2047 VI.
1108 2017 1148 2058 p.
1170 2013 1265 2056 254.
1288 2002 1332 2046 &
1350 2001 1590 2056 ceteroquin
1607 1999 1663 2043 sa-

339 2070 555 2112 tis'certus
576 2071 633 2113 est.
651 2071 746 2125 litus
765 2073 883 2127 hujus
904 2074 1039 2124 urbis,
1078 2076 1134 2116 ita
1162 2082 1346 2116 remotus
1367 2088 1390 2115 a
1408 2073 1664 2122 Benevento,

318 2147 388 2190 3ut
408 2154 520 2196 aegre
539 2143 714 2197 intelligi
733 2141 870 2198 pbsfit‚
905 2156 987 2198 quo
1009 2143 1130 2199 pa&o
1154 2145 1363 2201 Venusiam
1388 2145 1455 2186 hic
1481 2143 1664 2185 nomina-

340 2212 450 2252 verit
475 2212 684 2266 Polybius.
716 2240 720 2242 -
739 2214 799 2255 At
816 2227 940 2268 quum
958 2216 1002 2256 in
1021 2215 1102 2257 hoc
1124 2229 1272 2257 nomen
1285 2247 1296 2266 ‚
1333 2213 1553 2257 clariffimis
1573 2211 1663 2256 lite-

339 2282 398 2323 ris
420 2282 632 2337 scriptum,
663 2297 739 2325 nec
762 2286 863 2325 adeo
884 2285 1004 2326 facile
1023 2301 1117 2328 cum
1142 2287 1183 2328 T
1176 2286 1256 2342 eles
1257 2300 1291 2328 ae
1311 2287 1477 2333 nomine
1496 2284 1665 2326 confun-

319 2384 321 2388 .
340 2353 541 2404 «lendum,
573 2355 665 2396 libri
684 2355 938 2398 consentiant
958 2370 1124 2408 omnes,
1158 2358 1260 2399 nihil
1278 2358 1418 2411 utique
1441 2356 1557 2435 ausus
1577 2354 1665 2432 suin

340 2423 384 2465 in
405 2430 602 2468 contextu
619 2433 789 2469 mutare.
992 2437 995 2440 ’

424 2492 527 2536 Ibid.
566 2491 906 2548 εὐτείχιστον
940 2498 1096 2553 primus
1128 2498 1170 2539 in
1200 2504 1442 2540 contextum
1479 2509 1667 2552 graecum

262 2591 266 2593 -
340 2566 499 2619 recepit
516 2567 650 2608 editor
661 2567 903 2612 Bafileenfis.
939 2555 1143 2619 Perottus,
1160 2569 1352 2612 moenibus
1363 2567 1667 2626 munittffimam.

316 2665 319 2667 ,
340 2630 431 2697 εἶτ-ε
443 2633 650 2689 lxta-rou
676 2639 740 2682 ed.
763 2651 796 2680 1.
817 2638 860 2680 &
880 2639 1017 2694 scripti
1044 2640 1135 2680 libri
1163 2654 1329 2690 omnes,
1366 2647 1542 2694 excepto
1562 2637 1668 2692 Reg-

338 2707 392 2748 A.
415 2708 457 2747 in
476 2721 558 2761 quo
577 2709 705 2749 videri
730 2710 862 2764 potest
879 2706 1128 2763 εὐτεὶχιστον
1153 2711 1327 2752 scribere
1357 2708 1526 2754 voluiffe
1550 2708 1669 2750 libra-

338 2777 470 2826 rium,
509 2791 587 2820 nec
618 2780 729 2821 enim
759 2780 852 2822 satis
883 2781 1040 2824 clarum
1068 2781 1153 2823 est.-
1205 2781 1401 2824 Ceterum
1425 2786 1573 2823 notum
1599 2778 1673 2827 est,

1549 2863 1673 2905 quam
