1742 3190
351 185 440 231 290
775 183 1264 217 Anno-ranonns

153 260 331 291 ε--ε--ε

152 308 246 351 vus.
268 321 323 348 ω.
353 274 490 326 neklan
511 271 708 334 ἐν’Έρυκι
729 271 862 332 καιρός
882 289 941 325 τις
964 277 1093 324 ἐστὶν,
1124 267 1166 318 ὃν
1187 278 1374 320 καλοῦσιν
1394 275 1615 329 summula,
1644 280 1692 322 ἐν

351 342 384 407 ᾧ
405 353 511 403 φασι
531 345 604 405 τήν
622 344 722 392 θεὸν
746 345 797 396 εἷς
816 344 976 404 Λιβύην
994 344 1211 404 οἷνοί-γεοθοᾳ.
1269 349 1352 401 At,
1391 352 1489 406 quid
1508 351 1571 392 isti
1594 348 1688 391 οἰνα-

351 422 460 480 ἷγωνῇ
485 422 550 465 vel
578 421 663 464 istis
691 417 912 470 οἷναγωγοὶῖς
945 433 1166 462 cummune
1189 418 1237 462 fit
1263 434 1359 463 cum
1384 421 1462 464 hac
1493 418 1689 478 ἀναβολῇ,

351 493 519 537 difficile
534 493 660 535 fuerit
676 490 802 534 dista.
850 491 1000 542 Miror,
1030 489 1229 533 intafflm
1248 491 1411 546 prorsus
1429 508 1453 534 a
1472 491 1690 534 Gronovio

348 564 602 618 Reiskioque
623 555 812 612 reliftum
837 560 952 603 fuiffe
975 561 1084 603 hune
1107 562 1274 612 locum3
1315 564 1422 618 apud
1451 575 1558 618 quos
1585 562 1688 604 nihil

274 651 276 654 ·
349 636 512 692 prorsus
530 635 718 685 invenio,
746 625 818 674 nifi
837 634 949 688 quod
968 631 1204 686 Gronovius
1225 634 1276 674 ad
1296 647 1412 675 oram
1429 632 1488 675 sni
1508 633 1687 688 exempli

348 708 452 750 hanc
471 695 852 760 interpretationem
872 702 1045 758 scripfit,
1073 702 1125 747 &
1143 705 1320 746 maxime
1337 704 1494 760 quidem
1511 705 1690 746 intentus

343 777 443 835 fuit'
461 776 733 820 commoditati
757 772 994 830 aftenfionis.
1054 774 1214 824 Quibus
1246 776 1380 821 verbis
1408 773 1520 817 refte
1542 771 1688 829 ἐναβο-

353 845 428 904 λῆν
449 846 671 903 adscensum
691 847 879 901 exposuit
898 848 962 888 vir
979 844 1124 888 dostus
1137 876 1150 896 ,
1178 846 1277 888 ficut
1300 841 1480 905 ὸῖναβολή
1499 841 1688 889 ras'Ah-

349 934 456 963 πεων
487 919 555 976 vel
581 914 634 966 οἷς
655 913 726 964 τοὶς
748 912 926 970 ’Άλπεις
944 917 1003 960 est
1020 916 1185 972 Alpium
1202 915 1405 973 adscensus
1418 948 1430 969 ‚
1467 918 1541 961 ΙΙΙ.
1560 928 1627 972 39,
1645 929 1688 973 9.

346 992 421 1035 III.
446 1003 510 1045 50,
530 1003 569 1044 3.
591 990 672 1032 &c.
729 989 809 1031 Sed
835 1002 920 1030 non
945 989 1080 1044 placet
1107 984 1239 1044 καιρὸς
1268 985 1491 1044 ἀναβολῆς,
1521 1003 1598 1030 nec
1625 995 1688 1031 to..

347 1072 439 1105 tum
449 1062 530 1104 hoc
546 1059 736 1116 ἐτρέπετο
755 1060 822 1101 ἐπὶ
843 1054 911 1101 τδν
931 1060 1000 1115 τῆς
1023 1056 1141 1113 οἶνοιβ.
1161 1055 1307 1116 καιρόν.
1347 1061 1409 1103 At
1429 1060 1687 1115 adquiescen-

347 1135 447 1176 dum
468 1141 606 1175 tamen
627 1132 737 1174 foret
754 1132 797 1172 in
813 1131 881 1172 illa
899 1130 1103 1173 Gronovii
1123 1133 1480 1187 interpretatione,
1511 1130 1586 1172 nisi
1602 1131 1685 1173 hoc

346 1205 499 1260 ipsum,
529 1205 640 1259 quod
661 1205 742 1245 duo
759 1203 961 1257 postrema
980 1203 1104 1244 verba
1126 1203 1266 1244 absunt
1285 1218 1308 1244 a
1326 1203 1508 1258 probatis
1531 1202 1684 1244 codici-

348 1277 447 1326 bus,
482 1276 749 1331 suspicionem
778 1274 1106 1329 interpolationis
1135 1281 1335 1316 moveret.
1392 1273 1539 1324 Certe,
1579 1273 1687 1331 abje3

348 1346 426 1388 &is
445 1348 510 1388 his
530 1347 688 1395 verbis,
714 1345 758 1387 &
778 1344 861 1386 ἐπὶ
878 1345 921 1385 in
940 1342 1017 1385 ἔτι
1036 1351 1219 1396 mutato,
1246 1353 1594 1400 peropportunam
1614 1345 1684 1396 ha·
1697 1350 1706 1356 “

347 1419 493 1460 bemus
518 1418 756 1473 scripturam
778 1430 891 1465 eam,
920 1428 1042 1469 quam
1062 1415 1130 1458 sub
1154 1423 1353 1459 contextu
1375 1417 1589 1472 proposui,
1618 1411 1685 1471 καῆ

348 1490 501 1541 μᾶλλον
523 1488 583 1530 ἔτι
602 1484 670 1530 τᾶν
690 1488 758 1542 τῆς
780 1483 1001 1541 ἀναβολῆς,
1036 1488 1078 1528 id
1097 1487 1178 1537 est,
1194 1485 1272 1542 sed
1286 1489 1421 1543 magis
1439 1482 1567 1530 etiam⁴
1580 1488 1684 1543 (scil.

346 1574 469 1616 quam
493 1559 698 1611 alterum‚)
730 1559 818 1609 vel,
836 1555 914 1612 sed
929 1559 1105 1600 maxime
1123 1558 1280 1614 quidem
1299 1559 1505 1614 custodivit
1524 1573 1611 1602 eum
1629 1560 1684 1605 lo·

345 1645 447 1682 cum,
475 1644 552 1688 quo
571 1632 612 1672 in
631 1636 800 1672 montem
819 1627 1084 1685 adscenditur,
1110 1643 1260 1685 nempe
1278 1624 1544 1685 a'Drepanis.
1586 1632 1682 1673 -Par-

347 1703 488 1745 ticulae
511 1709 650 1744 autem
677 1701 742 1743 ἐπὶ
764 1700 807 1743 &
828 1700 887 1742 ἔτι
914 1702 1017 1743 adeo
1043 1701 1190 1749 crebro
1223 1702 1400 1743 confusae
1420 1717 1443 1743 a
1464 1702 1610 1744 nostris
1635 1703 1683 1747 li·

349 1774 493 1816 brariis
523 1774 633 1824 sunt,
665 1772 789 1824 (vide
811 1772 968 1814 Adnot.
1000 1773 1050 1814 ad
1067 1772 1118 1816 V.
1139 1781 1206 1824 42,
1235 1785 1267 1815 ι.
1297 1772 1348 1817 V.
1372 1772 1439 1824 46,
1469 1784 1531 1814 12.
1553 1772 1683 1816 VIII.

348 1856 390 1898 7.
411 1856 450 1897 4.
480 1845 552 1887 ΙΧ.
570 1856 610 1897 7,
630 1857 671 1898 7.
701 1843 857 1894 XVIII,
876 1848 915 1894 8,
937 1841 995 1896 5.)
1014 1850 1082 1893 ut,
1110 1843 1322 1898 flagitante
1351 1844 1571 1895 sententia,
1608 1845 1682 1887 du-

347 1915 476 1957 bitare
492 1930 577 1958 non
594 1916 838 1966 debeamus,
871 1916 1021 1957 eodem
1037 1915 1163 1956 modo
1179 1909 1247 1956 hic'
1268 1928 1431 1971 quoque
1452 1914 1567 1957 fuisse
1587 1922 1682 1971 pet}

345 1994 497 2041 catum.
554 1987 770 2042 Postquam
793 2001 847 2038 ex
867 1985 1078 2040 vetustiori
1107 1986 1332 2040 exemplari
1351 1988 1547 2029 mendum
1566 1987 1681 2037 illud,

346 2057 415 2098 ἐπὶ
443 2071 519 2112 pro
547 2056 630 2106 ἔτι,
675 2060 1018 2100 codices'omnes
1050 2057 1271 2108 invaserat,
1320 2058 1490 2100 criticus
1519 2059 1679 2114 aliquiS,

345 2135 586 2183 corruptum
604 2129 744 2171 locum
762 2131 930 2180 videns,
960 2130 1027 2172 sed
1055 2129 1192 2173 sedem
1216 2129 1500 2184 rationemque
1525 2132 1677 2173 erroris

344 2211 429 2240 non
451 2199 722 2254 perspiciens,
752 2187 889 2242 verba
916 2202 1105 2255 quaedam
1131 2200 1182 2253 ad
1209 2199 1494 2254 complendam
1522 2201 1678 2242 senten-

343 2269 444 2310 tiam
466 2270 653 2311 excidisse
672 2279 807 2323 ratus,
832 2285 885 2313 ex
903 2271 1074 2327 ingenio
1094 2285 1163 2322 ea,
1197 2284 1291 2326 quae
1319 2269 1533 2314 defiderari
1555 2272 1595 2314 ei
1618 2272 1678 2314 vi-

343 2340 561 2391 debantur,
590 2342 805 2396 supplevit.

145 2485 231 2531 Cap.
247 2486 336 2524 LVI.
768 2481 802 2525 C
829 2483 871 2526 A
901 2484 932 2526 P
960 2481 1004 2527 V
1031 2482 1071 2524 T
1126 2481 1250 2527 LVI.

158 2587 256 2626 Vers.
278 2596 310 2623 1.
427 2578 476 2620 V
469 2576 541 2633 ers.
565 2591 601 2622 1.
638 2578 860 2636 στρατη-γὼ
887 2577 1212 2637 καταστήσαντες
1242 2577 1382 2623 αὐτῶν.
1440 2581 1673 2625 Pronomen

339 2645 468 2691 αὐτῶν
487 2664 583 2692 cum
601 2654 693 2700 cod.
713 2653 810 2694 Bav.
833 2654 997 2708 ignorat
1009 2655 1112 2701 edit.
1127 2667 1164 2697 ι.
1182 2652 1226 2694 &
1242 2653 1398 2708 Reg.13.
1410 2652 1454 2696 C.
1472 2654 1670 2709 probante

337 2720 524 2765 Reiskio.

1534 2892 1537 2893 f
1559 2808 1673 2896 Ve'rs-
