1742 3190
120 294 298 303 ——---

135 592 230 631 Vers.
251 598 282 634 8.

110 877 205 925 vers,
226 886 279 914 10.

148 1275 236 1321 Cap.

127 1324 276 1358 XXXII.

128 1381 221 1419 Vers.
241 1391 274 1418 1.
322 1410 325 1414 ,

318 198 403 242 414
745 204 1224 242 ADNOTATIONES

317 317 385 358 εισι]
401 297 526 359 τούτῳ
543 298 694 359 τρόπῳ,
725 306 868 348 omisso
895 309 1010 350 artic
1042 324 1108 350 τω.
1162 310 1338 363 Contra,
1369 306 1468 359 οὕτω
1490 315 1546 370 τῷ
1566 311 1652 371 τρὸ-

316 389 379 430 περ
397 375 548 417 habent
566 376 680 431 Aug.
695 376 738 421 &
751 377 853 432 Reg.
864 377 918 420 A.
959 379 1148 435 Denique
1167 377 1293 437 τούτῳ
1314 383 1369 424 τῖό
1395 381 1527 442 τρόπῳ
1544 387 1652 439 (abs-

316 459 396 501 que
413 438 514 487 οὕτω
533 442 618 501 uoq)
635 447 736 489 Bav.
754 446 799 494 &
815 449 912 491 hinc
933 451 1046 493 editi.
1103 474 1158 486 --
1215 452 1319 496 Iln‘d.
1347 455 1397 497 In
1415 455 1500 498 fine
1527 457 1651 512 hujus

314 517 451 560 versus
471 517 613 560 definit
634 518 816 574 Ecloga,
846 534 968 575 quam
986 521 1109 563 habet
1125 523 1222 564 hinc
1241 524 1395 578 Codex}
1403 539 1533 570 vnn.

395 587 513 644 Vers.
533 595 572 640 8.
602 585 824 631 Φουλούὶὸν.
870 590 939 634 Sic
959 591 1051 636 Vat.
1070 593 1178 634 Flor
1198 595 1312 651 Aug.
1332 597 1433 652 Reg.
1447 599 1497 641 A.
1514 597 1650 642 Vrfin.

317 660 509 702 Mendose
527 656 691 702 Φλούϊον
715 662 779 704 ed.
806 675 841 704 1.
862 673 901 704 2.
924 662 1026 718 Reg.
1038 663 1082 705 B.
1093 662 1139 705 C.
1157 679 1207 706 ex
1226 666 1323 708 Bav.
1369 664 1555 711 Φολούὶὸν
1583 671 1649 712 ed.

313 730 476 774 Casaub.
498 731 541 773 δι
559 732 667 787 seqq.
725 754 783 765 —
850 732 955 775 Ibid.
986 729 1166 777 Μάλλιον
1196 735 1328 793 scripfi
1360 752 1457 782 cum
1482 739 1578 784 Vat.
1603 739 1650 783 ὅτ

310 801 421 845 F.lor
469 798 626 844 Μαιλιον
649 805 740 845 edd.
757 818 853 846 cum
862 805 1021 847 ceteris
1043 808 1162 848 codd.

381 930 384 935 ,
402 872 452 916 V
445 872 516 928 ers.
541 885 604 916 10.
633 875 743 916 Bene
759 872 914 918 habet’
899 869 1103 932 ἄπρακτον
1124 870 1208 932 εἵχ
1221 893 1270 920 ov
1278 907 1291 927 ,
1317 892 1465 935 nempe
1484 876 1553 923 τὸν
1571 883 1666 924 ilot->

312 941 389 988 πόν
408 941 570 1000 χρόνον,
630 944 698 988 Sic
719 947 831 988 enim
849 961 933 989 non
957 950 1082 990 modo
1107 945 1179 1004 τήν
1203 947 1379 1004 ἡσυχίαν
1407 946 1518 1002 ἄνειν
1547 954 1646 996 dici-

309 1022 390 1067 tnr,
419 1017 486 1057 sed
508 1015 553 1058 &
573 1014 697 1068 ἔχειν,
727 1016 780 1058 II.
801 1029 867 1069 21,
891 1031 926 1060 1.
963 1019 1081 1061 conf.
1101 1019 1172 1063 ΙΙΙ.
1195 1025 1262 1075 83,
1276 1033 1314 1076 5.
1340 1031 1428 1073 ΙΓ2,
1447 1035 1481 1066 1.
1528 1024 1643 1067 Alibi

309 1094 447 1130 tamen
476 1089 602 1129 etiam
637 1101 854 1143 perperam
883 1091 1025 1144 utique
1057 1092 1139 1132 duo
1166 1091 1281 1142 haec,
1325 1082 1437 1146 ἔχον
1459 1093 1505 1138 &
1534 1086 1642 1150 ἦγον,

310 1165 558 1202 commutata
574 1160 740 1201 intense
759 1158 850 1202 sunt
869 1175 893 1202 a
910 1161 1082 1203 librariis
1094 1193 1107 1213 ,
1136 1170 1183 1205 ut
1199 1163 1254 1206 ΙΙ.
1273 1162 1342 1218 67,
1365 1176 1405 1208 2.

684 1270 984 1317 CAPVT
1041 1274 1252 1318 XXXII.

397 1369 510 1427 Vens.
539 1384 571 1413 ι.
601 1365 772 1427 Φούριος.
819 1367 1002 1428 Φρούριος
1033 1376 1095 1416 ed.
1120 1387 1158 1418 2.
1185 1377 1294 1419 Flor.
1322 1377 1436 1434 Aug.
1461 1376 1564 1433 Reg.
1585 1378 1638 1422 A:

306 1441 428 1498 Saepe
449 1444 598 1485 eodem
618 1444 743 1485 modo
762 1450 980 1498 peccatum
999 1446 1043 1487 in
1061 1446 1143 1488 hoc
1159 1449 1339 1490 nomine.

388 1513 494 1556 Ibid.
514 1509 576 1555 διαὶ
596 1515 664 1567 τῆς
688 1514 766 1555 τῶν
788 1511 1081 1570 Ἀναμοὶρων
1099 1512 1261 1572 χώρας,
1283 1532 1360 1574 per
1379 1516 1637 1568 Anamarum

304 1585 377 1636 (fic
395 1586 505 1627 enim
524 1586 650 1627 latine
667 1585 862 1640 scriptum
886 1587 1046 1639 malim,
1078 1604 1102 1630 a
1120 1591 1374 1634 nominativo
1392 1589 1636 1642 Anamares,
1664 1601 1669 1605 ”

305 1670 427 1712 quam
458 1655 785 1708 Anamarorum)
812 1658 1026 1712 regionem.
1073 1654 1309 1717 Ἀναμοιρῶν
1336 1675 1444 1704 unus
1470 1660 1635 1716 Reg.<3.

302 1727 467 1782 Reliqui
495 1742 640 1770 omnes
660 1729 703 1769 in
724 1728 932 1783 vulgatam
954 1729 1223 1774 consentiunt.
1281 1731 1472 1774 Ceterum
1493 1743 1634 1787 quem-

304 1800 546 1849 admodum,
578 1800 647 1854 qui
662 1792 840 1846 ''Avavsc
857 1797 955 1841 diffl
969 1799 1060 1842 sunt
1075 1815 1161 1856 cap.
1180 1814 1291 1856 17.7.
1312 1803 1372 1844 cis
1392 1803 1545 1845 Padum
1562 1803 1632 1845 ha-

301 1870 492 1919 bitarunt,
522 1870 567 1913 &
583 1870 748 1912 finitimi
768 1870 821 1911 ob
841 1873 1056 1914 occidente
1076 1880 1191 1915 erant
1211 1874 1420 1924 Boiorum,
1445 1873 1500 1916 fic
1520 1888 1631 1917 nunc

299 1935 537 1995 'Avdsaeoepen
602 1942 710 1984 Nam
741 1956 793 1982 ex
819 1941 1018 1984 Boiorum
1047 1946 1220 1999 regione
1253 1945 1363 2000 (cap.
1391 1957 1458 1998 31,
1487 1957 1528 2000 9.
1554 1958 1632 2002 pet

300 2014 550 2054 Anam-arum
575 2011 685 2055 fines
708 2013 915 2056 transeunt
946 2015 1154 2066 consules,
1193 2014 1238 2058 &
1254 2014 1423 2071 trajefto
1451 2017 1560 2059 Pado
1587 2018 1631 2060 in

299 2083 483 2125 Insubres
519 2086 779 2139 perveniunt.
845 2084 983 2135 Quare
1012 2086 1277 2140 probabiliter
1307 2086 1508 2130 Cluverus
1540 2088 1630 2131 Ital.

299 2157 441 2211 Autiq.
468 2157 502 2198 I.
526 2168 592 2208 27.
623 2169 663 2210 p.
686 2155 782 2209 265.
808 2163 987 2211 ,utroque
1017 2157 1184 2210 nomine
1210 2159 1402 2200 eumdem
1429 2159 1630 2214 populum

298 2227 518 2283 significari
539 2227 699 2269 statuit:
735 2234 876 2268 utrum
902 2235 1040 2270 autem
1073 2210 1226 2270 n01⁰nen
1253 2228 1405 2271 reffius
1434 2230 1628 2284 scriptum

298 2297 366 2348 fit,
383 2293 572 2344 ”Ανοινες,
602 2311 652 2339 an
670 2293 907 2351 Ἀνοὶμκρες,
936 2313 986 2340 an
998 2301 1174 2355 denique
1189 2295 1410 2352 Ἀνσίμοινες
1423 2297 1626 2351 ῆιιϊζΑνοι-

294 2370 412 2424 peon-2⁰2
433 2383 575 2411 verum
597 2370 723 2410 fuerit
737 2369 857 2423 hujus
875 2370 1018 2424 populi
1039 2383 1211 2427 nomen,
1246 2384 1331 2415 non
1349 2371 1466 2413 ausus
1482 2372 1540 2414 est
1557 2373 1626 2414 de-

294 2441 427 2484 finire.
486 2441 533 2482 In
553 2441 741 2481 eamdem
760 2453 855 2482 cum
876 2440 1055 2483 Cluvero
1074 2438 1351 2495 conjefikuram
1365 2443 1451 2496 jam
1471 2443 1624 2486 incide-

293 2519 384 2555 rant
417 2517 582 2554 veteres
622 2511 786 2566 Polybii
821 2512 1087 2566 interpreteS,
1134 2513 1370 2555 Leonardus
1410 2514 1625 2565 Aretinus.

289 2597 467 2639 eumque
495 2583 656 2624 secutus
683 2581 900 2632 Perottus;
933 2597 1107 2636 quorum
1135 2591 1308 2638 uterque
1337 2584 1467 2638 ipsum
1495 2586 1621 2628 etiam

289 2669 442 2698 nomen
461 2653 651 2695 Amanum
672 2666 722 2694 ex
743 2652 940 2708 superiori
965 2655 1124 2708 polybii
1142 2654 1238 2695 loco
1259 2655 1339 2696 huc
1356 2657 1491 2698 traxit.

371 2725 474 2769 Ibid.
492 2720 546 2779 μή
563 2720 723 2779 μακράν
738 2719 816 2764 οἷπό
837 2723 1155 2771 Μασσαλίας.
1196 2726 1361 2768 Nomen
1381 2726 1484 2777 hoc,
1509 2727 1620 2769 haud

287 2799 411 2842 dubie
429 2804 682 2852 corruptum,
712 2795 975 2852 pertinaciter
995 2803 1137 2839 tenent
1156 2797 1288 2852 graeci
1306 2796 1431 2841 nostri
1449 2799 1617 2840 codices

1473 2879 1617 2910 omnes
