1742 3190
145 302 323 312 Ww-..

74 348 77 360 ³
159 335 256 373 -Verss
277 344 309 381 3.

162 947 258 987 Vers.
278 956 311 991 4.

168 1804 262 1844 Vers.
283 1804 319 1845 6
352 1829 354 1832 -

351 202 431 247 172
765 194 1265 236 'AnnorArxonzs

426 301 543 360 Vers.
566 316 603 358 3.
630 304 901 361 Κυρωθέντος
929 305 971 347 δὲ
998 302 1071 347 τοῦ
1102 301 1307 357 δόγματος
1335 302 1418 349 ἅπδ
1440 303 1516 350 ro&
1542 302 1683 364 δῆμον.

345 376 451 421 Haec
470 378 529 419 ita
550 375 657 418 dieta
675 378 808 418 videri
832 376 1014 431 possunt,
1054 384 1263 431 tamquam
1289 378 1503 421 decretum
1527 379 1686 421 fecisset

344 448 531 499 senatus,
571 449 683 503 quod
714 448 871 503 populo
899 447 1226 489 confirmandum
1255 448 1533 502 proposuisset.
1573 450 1683 492 conf-

345 520 450 580 vers.
476 533 510 562 ι.
567 518 650 561 Sed
668 519 823 574 poterit
844 519 968 560 etiam
996 514 1131 568 δόγμα
1159 516 1242 560 hoc
1268 517 1364 560 loco
1394 520 1571 576 intelligi
1602 519 1684 561 for-

347 591 459 633 mula
476 590 674 646 plebisciti
685 620 698 640 ,
725 589 882 646 populo
901 588 1105 645 proposita
1125 589 1173 630 ab
1193 589 1256 630 eis
1275 588 1587 644 magistratibus,
1614 591 1685 645 qui

346 676 444 705 cum
462 661 617 717 populo
636 660 710 702 hac
738 661 789 702 de
815 674 862 702 re
887 662 1084 715 agebant3
1114 660 1227 714 quod
1251 660 1472 703 vernaculo
1498 660 1686 703 sermone

347 731 382 774 le
400 729 535 787 projet
553 731 601 773 de
620 727 751 773 decret
770 732 908 774 dicere
928 732 1119 778 solemus.
1174 729 1316 786 Atque
1333 730 1426 773 haec
1445 731 1684 788 interpreta-

345 804 406 845 tia
425 804 601 845 tenenda
618 804 791 845 udetur
847 801 952 845 Ibid.
974 801 1170 844 Consules
1188 801 1243 843 Α
1262 800 1314 846 V.
1333 798 1380 843 C.
1397 812 1495 857 490.
1520 801 1686 859 Appius

345 873 541 916 Claudius
564 873 751 925 Caudex,
781 874 837 916 M.
858 873 1030 916 Fulvius
1050 873 1236 915 Flaccus.
1301 899 1304 901 -

434 943 548 999 Veis
569 955 608 998 4.
628 960 703 989 τον
713 941 895 987 Λππιον
914 942 1182 994 ἐπεσπωντο,
1213 937 1285 996 καὶ
1305 938 1441 999 τούτῳ
1459 958 1538 997 την
1560 939 1685 987 πόλιν

345 1010 608 1072 ἐνεχείριζον.
667 1015 750 1058 Sed
776 1017 922 1058 deinde
949 1017 1116 1058 demum
1141 1014 1242 1056 vers.
1265 1024 1305 1069 9.
1337 1015 1462 1064 dicit,
1498 1015 1684 1071 Appium

342 1087 499 1131 :venifl‘e
511 1085 741 1131 Meffanam.
781 1088 924 1142 Itaque
934 1087 973 1128 h.
985 1086 1011 1128 l.
1031 1079 1292 1141 ἐνεχείριζον,
1323 1083 1599 1136 tradiderunt,
1627 1087 1688 1129 ita

346 1160 684 1214 intelligendum,
721 1165 769 1200 ut
793 1159 834 1199 ei
862 1158 1159 1214 praedicerent,
1185 1157 1247 1207 se,
1274 1155 1517 1211 simulatque
1545 1157 1684 1201 consul

350 1230 595 1280 advenisset,
627 1231 772 1271 urbem
800 1229 842 1270 ei
866 1229 1102 1270 tradituros.
1159 1226 1302 1269 Fufius
1328 1227 1590 1270 haecomnia
1615 1242 1682 1269 ex-

349 1303 541 1359 posuerat
560 1302 769 1343 Diodorus
787 1299 948 1343 Siculus
969 1299 1073 1340 libro
1082 1297 1240 1340 XXIII.
1260 1298 1327 1339 sed
1344 1299 1395 1340 de
1414 1312 1466 1339 eo
1483 1299 1610 1349 libro,
1636 1307 1684 1340 ut

351 1375 477 1419 modo
496 1373 600 1423 dixi,
629 1386 713 1413 non
728 1369 797 1413 nifi
814 1383 944 1426 pauca
966 1368 1177 1424 supersunt
1196 1368 1444 1424 fragmenta,
1474 1370 1518 1411 in
1537 1369 1684 1424 quibus

349 1447 477 1487 etiam
494 1443 587 1500 ipfis
607 1443 784 1485 narratio
805 1440 982 1484 auftoris
1002 1441 1046 1481 in
1064 1439 1232 1482 brevius
1257 1436 1466 1481 commeta
1489 1439 1560 1482 est.
1614 1439 1684 1483 Sa-

349 1518 405 1559 tis
425 1517 509 1560 late
525 1516 713 1560 eamdem
729 1513 937 1555 historiam
957 1511 1211 1566 persequitur
1233 1510 1415 1552 Zonaras
1440 1511 1590 1554 Annal.
1616 1512 1685 1553 lib.

344 1586 446 1630 VII.
468 1600 554 1641 cap.
568 1585 684 1640 8seq.
707 1584 775 1634 sed
792 1585 834 1626 in
852 1584 995 1625 multis
1011 1582 1196 1637 partibus
1212 1581 1298 1623 abit
1317 1596 1340 1622 a
1362 1581 1552 1637 Polybio.
1573 1584 1684 1624 conf.

351 1660 492 1700 adnot.
511 1659 562 1699 ad
580 1657 680 1698 vers.
699 1667 739 1711 9.
787 1655 909 1698 Adde
926 1652 1114 1696 Freinsh.
1131 1651 1340 1707 Supplem.
1357 1653 1466 1695 Livii
1482 1653 1551 1696 lib.
1566 1652 1686 1697 XVI.

351 1742 409 1783 24
428 1730 537 1784 seqq

446 1800 534 1843 Vei
524 1797 563 1856 s
581 1799 622 1843 6.
652 1799 748 1854 περὶ
767 1792 1020 1853 Πελωριάδα,
1047 1797 1088 1837 in
1111 1796 1241 1838 vicina
1264 1794 1404 1837 Pelori
1418 1795 1605 1849 regiom5
1631 1793 1687 1838 fic

350 1872 659 1915 Causaubonus.
698 1868 865 1923 Reffius
885 1876 972 1910 erat
989 1869 1187 1916 futurum,
1210 1866 1316 1908 circa
1331 1864 1582 1907 Peloriadem
1591 1879 1688 1920 pro-

346 1943 608 1987 montorium.
657 1940 756 1983 Sic
745 1955 788 1982 m
804 1939 1044 1995 fragmentis
1061 1938 1248 1987 Diodori,
1267 1935 1428 1978 XXIII.
1447 1946 1488 1977 2.
1513 1933 1573 1993 τῆ
1592 1951 1688 1978 ναυ

350 2012 455 2073 fena?
473 2017 686 2066 κατέσχον
711 2026 788 2068 την
810 2005 941 2066 ακραν
963 2005 1039 2064 τήν
1058 2010 1315 2062 καλουμένην
1337 2002 1588 2063 Πελωριάδα,
1615 2007 1687 2049 ubi

353 2084 493 2130 minus
521 2083 633 2127 reste
662 2085 866 2144 interpres
894 2078 971 2136 τήν
993 2075 1124 2135 ἄκραν
1141 2091 1272 2121 arcem
1290 2079 1426 2120 vertit.
1455 2078 1687 2144 Perspicua—

351 2156 447 2200 sane
476 2155 689 2211 Polybius
694 2155 728 2197 Ι.
751 2165 819 2205 42.
844 2168 891 2195 το
914 2149 970 2199 εἰς
988 2147 1066 2198 τοὶς
1085 2145 1262 2206 ἄρκτους
1281 2151 1523 2200 κεκλιμένον
1541 2148 1687 2202 (Σικε-

352 2229 451 2274 λίας
472 2222 754 2282 ἀκρωτήριον)
785 2219 1139 2280 προσαγορεύεται
1161 2215 1383 2278 Πελωριές.
1421 2218 1542 2263 Conf.
1559 2217 1689 2262 Cella-

352 2300 406 2344 rii
424 2296 581 2353 Geogr.
597 2297 740 2350 Antiq.
767 2296 835 2337 lib.
853 2295 908 2337 II.
927 2308 1016 2350 cap.
1042 2306 1106 2337 12.
1563 2316 1567 2320 ·

437 2369 544 2412 Ibid
577 2366 672 2423 περ)
690 2362 771 2414 τοίς
793 2362 977 2412 Edusae
995 2366 1265 2415 καλουμένας
1293 2361 1363 2405 Sic
1382 2362 1477 2407 Vat.
1496 2375 1592 2406 cum
1607 2361 1687 2412 suis

352 2440 524 2485 adseclis
543 2439 652 2481 Flor.
674 2441 791 2492 Aug.
805 2438 909 2492 Reg.
923 2436 976 2478 A.
1026 2435 1283 2478 Diodorusl.
1301 2448 1338 2476 c.
1357 2449 1409 2491 τῃ
1393 2425 1540 2490 ”πεζῇ
1511 2447 1690 2488 ιμπρα

355 2509 431 2566 τιίἱ
451 2511 743 2566 παρενέβαλον
765 2504 820 2554 εἰς
844 2504 922 2555 τοίς
944 2508 1204 2557 καλουμένας
1222 2503 1416 2551 Εὐνεῒς.
1444 2503 1598 2547 Vtrum
1616 2517 1690 2547 no-

358 2596 457 2626 men
477 2595 634 2631 verum,
663 2594 788 2622 nemo
807 2579 927 2630 facile
947 2579 1110 2622 dixerit.
1138 2576 1273 2626 Quam
1289 2588 1444 2632 pronus
1463 2577 1516 2617 'ex
1535 2580 1568 2618 Σ
1587 2576 1626 2616 in
1645 2577 1692 2625 Ε,

354 2654 405 2703 &
432 2651 628 2703 viciffim
656 2650 703 2695 fit
730 2649 939 2700 tranfitus,
963 2648 1240 2703 intelligunt
1228 2648 1278 2699 1i,
1308 2648 1379 2703 qui
1402 2642 1693 2695 meminerunt,

358 2726 521 2768 literam
538 2728 571 2768 Σ
591 2723 691 2767 olim
711 2723 857 2763 eadem
861 2716 1020 2775 figura,
1046 2733 1126 2774 qua
1144 2720 1382 2763 Latinorum
1402 2715 1448 2768 C,
1477 2712 1615 2761 efferri
1634 2715 1694 2758 so-

359 2797 497 2847 litam,
527 2795 576 2841 ab
600 2806 729 2848 eaque
748 2792 925 2848 figuram
947 2792 1079 2834 literae
1097 2794 1128 2834 Ε
1151 2788 1307 2834 nonnisi
1324 2787 1550 2832 tenuiffima
1567 2788 1694 2828 lIneo-

1657 2857 1694 2898 la
