1742 3190
261 177 362 233 ‘366
705 177 1198 229 ΑὀΝοτΑτιοΝΕε

274 293 345 334 nui
374 299 512 335 tamen
541 289 777 350 Βρεντήσιον
805 295 942 339 ΧΧΠ.
961 309 1002 351 7,
1027 301 1088 342 ιδ.
1114 271 1159 341 dt
1185 298 1238 341 fic
1259 261 1489 356 Stephanus
1508 301 1614 356 Byz.

164 362 166 365 ’
223 417 225 419 ,
277 363 323 407 &
345 363 503 407 Suidas.

91 442 187 481 Vei-s.
211 448 244 482 8

69 578 165 617 Vers-
187 589 242 618 xo.

66 2006 165 2046 Vers.
187 2015 240 2043 11.

361 433 475 491 Vers.
498 441 535 487 8.
563 433 782 491 προσέχειν
808 436 923 480 reEte
947 439 1062 482 dedit
1081 437 1179 483 Vat.
1199 452 1298 482 cum
1325 440 1405 484 suis
1434 442 1613 498 sequaci·

275 508 352 549 bus
363 522 377 558 3
405 508 515 562 quod
535 516 693 550 temere
714 508 759 551 &
781 510 972 564 imperite
995 512 1039 552 in
1060 510 1303 566 προσελθεῖν
1322 514 1498 555 mutavit
1517 513 1616 557 Bav.

359 577 474 634 VerJI
500 591 560 621 to.
591 575 680 626 τούς
709 576 1007 636 Ἄρδισιιόυς.
1046 577 1136 629 τοὺς
1166 575 1401 638 Σαρδιαὶοῠς
1429 585 1493 626 ed.
1519 597 1553 627 ι.
1574 594 1614 627 2.

273 649 622 696 consentientibus
646 651 686 692 h.
717 651 742 692 l.
775 653 966 694 omnibus
1001 653 1160 708 scriptis
1196 654 1326 696 libris.
1393 643 1474 698 Sed
1500 652 1614 699 rethe

272 735 362 777 cap.
391 731 453 770 12,
474 732 511 763 2.
530 721 607 762 τῶν
624 717 830 776 ’Apameam
852 723 944 768 Vat.
964 725 996 766 F
998 725 1074 766 lor.
1096 725 1207 780 Aug.
1226 724 1396 781 Reg.A.‘
1417 726 1488 767 ubi
1506 725 1615 767 solus

271 791 368 834 Bav.
389 792 466 833 τῶν
486 788 704 847 Ἀρὸυοιὶων
722 807 798 848 per
816 810 839 835 v
864 796 954 845 dat,
984 797 1094 850 quod
1116 797 1171 838 ibi
1191 803 1426 843 tenuerunt·
1440 797 1540 839 editi
1566 794 1616 838 δε

272 864 377 919 ch.
391 863 434 904 B.
448 862 491 904 C.
515 866 621 906 unde
641 863 684 906 &
702 866 742 907 h.
762 866 789 906 l.
811 865 1070 908 casaubonus
1099 863 1189 914 τούς
1214 862 1442 923 Ἀρδυεάσυς
1472 856 1614 910 edidit.

258 931 410 978 ‘Litera
433 934 471 976 Σ
494 935 611 977 initio
635 924 826 978 xiocabufi
853 952 903 978 ex
931 937 1016 978 fine
1037 939 1312 993 praecedentis
1341 940 1457 981 vocis
1479 938 1614 980 adhae-

263 1006 341 1055 'fit3
370 1007 436 1047 sed
455 1005 500 1048 &
519 1007 616 1048 alibi
635 1006 775 1063 paffim
793 1010 1060 1064 pervulgatus
1079 1010 1115 1050 is
1136 1022 1253 1051 error
1281 1007 1339 1051 est
1356 1009 1474 1064 'apud
1503 1007 1613 1051 Stra-

273 1078 426 1120 bonem
442 1078 548 1119 locis
569 1076 800 1130 nonnullis,
834 1079 880 1122 ’δε
906 1080 1137 1122 constanter
1164 1081 1275 1135 apud
1293 1081 1520 1130 Zonaram3
1558 1080 1612 1121 de

273 1161 357 1205 quo
377 1163 518 1197 errore
541 1150 702 1191 monuit
730 1149 913 1193 Valesius
943 1153 993 1193 ad
1023 1151 1216 1206 Excerpt.
1249 1165 1302 1192 ex
1325 1151 1462 1192 Dione
1483 1162 1525 1206 p.
1545 1161 1612 1193 αῖ.

273 1221 371 1263 edit.
395 1221 594 1271 Reimari,
625 1219 667 1261 δι
688 1222 770 1276 ipse
793 1222 1006 1269 Reimarus
1023 1223 1074 1263 ad
1093 1222 1300 1277 Excerpta
1317 1221 1450 1272 Vrsini
1471 1235 1522 1263 ex
1543 1232 1613 1263 eo-

277 1293 372 1334 dem
401 1292 537 1333 Dione
566 1307 604 1348 p.
627 1292 696 1346 63.
750 1293 803 1335 'In
836 1294 974 1335 medio
1004 1300 1141 1334 autem
1169 1294 1337 1334 nomine
1367 1294 1557 1335 vocalem
1587 1307 1614 1334 υ

273 1377 399 1405 nemo
415 1378 466 1404 ex
488 1365 696 1406 veteribus
715 1362 980 1419 scriptoribus
1001 1364 1195 1418 agnoscit,
1215 1364 1283 1405 sed
1305 1377 1450 1405 omnes
1467 1365 1510 1405 in
1524 1363 1614 1419 jota

273 1435 547 1477 consentiunt.
590 1436 697 1477 Nam
717 1438 827 1490 quod
850 1437 956 1490 apud
979 1436 1142 1477 bivium
1159 1435 1338 1479 XXVII.
1357 1445 1423 1487 30.
1443 1433 1616 1488 Ardyoei

277 1507 431 1556 editur,
460 1508 501 1548 id
525 1523 547 1548 a
565 1507 625 1549 Io.
643 1508 751 1549 Frid.
774 1507 986 1548 Gronovio
1007 1506 1064 1547 est
1081 1504 1383 1556 introduttum,
1421 1506 1490 1560 qui
1520 1519 1614 1547 eam.

274 1578 512 1633 scripturam
533 1593 585 1619 ex
606 1579 906 1620 Caiauboniana
928 1570 1089 1632 polybii
1111 1578 1292 1619 editione
1313 1575 1460 1619 sumfit.
1490 1578 1615 1632 Apud

273 1649 512 1704 Appianum
532 1650 646 1704 lllyr-
669 1663 757 1705 cap.
781 1661 818 1700 3.
835 1650 876 1690 in
894 1648 1132 1702 scripturam
1154 1645 1341 1703 Ἀρδιοὶἲοι
1361 1648 1424 1690 bis
1442 1649 1613 1690 codices

274 1734 422 1762 omnes
444 1721 714 1762 consentiunt.
757 1720 933 1762 Eosdem
955 1720 1181 1774 insequenti
1202 1727 1390 1774 tempore
1414 1718 1613 1762 Vardaeos

274 1793 510 1833 nominatos
534 1790 627 1841 esse,
654 1791 800 1834 Strabo
823 1792 948 1832 docet
965 1791 1035 1832 lib.
1048 1789 1145 1834 VH.
1165 1803 1207 1846 p.
1221 1800 1313 1844 315.
1331 1789 1442 1831 conf.
1461 1789 1613 1832 LFrid.

274 1861 461 1904 Gr.onov
489 1864 539 1904 ad
567 1863 676 1905 Livii
707 1863 850 1905 locum
885 1863 998 1905 citat.
1030 1860 1075 1903 &
1104 1874 1182 1903 nos
1207 1863 1258 1903 ad
1284 1861 1468 1916 Appiani
1494 1860 1616 1917 Illyr.

273 1946 363 2014 cap.
390 1945 451 1976 ιο.

322 1999 476 2058 ‘Versl
504 2016 565 2046 ιι.
595 2019 661 2059 uoq
687 1999 902 2052 πλειόνων,
954 2018 997 2046 οι
1015 1999 1126 2060 πκροέ
1154 2019 1233 2046 των
1262 2003 1504 2060 Παρθεινῶν
1527 2003 1614 2061 &c
1651 2041 1660 2045 ,

273 2073 377 2118 Cum
399 2076 535 2117 hiatus
556 2075 685 2118 esset
674 2090 715 2123 m
737 2078 947 2127 oratione,
978 2076 1172 2119 Reiskius
1202 2076 1349 2118 deinde
1377 2083 1472 2118 ante
1499 2071 1611 2126 δεξαί-

272 2161 383 2197 neum
412 2148 622 2189 inserenda
650 2148 868 2203 suspicatus
895 2148 953 2190 est
983 2148 1109 2190 verba
1132 2148 1172 2188 οἱ
1195 2144 1248 2188 δέ.
1314 2147 1537 2190 Enimvero
1565 2146 1613 2190 &
1635 2138 1638 2149 ’

274 2219 532 2259 commodior
550 2220 600 2259 ad
618 2220 817 2260 orationis
836 2218 1100 2270 strueturam,
1134 2218 1179 2260 &
1204 2218 1446 2272 ceteroquin
1475 2218 1612 2259 levior

272 2289 584 2343 expeditiorque
608 2291 799 2332 medendi
817 2291 922 2332 ratio
942 2290 1086 2340 fuerit,
1111 2288 1141 2330 fi
1159 2296 1254 2332 ante
1274 2284 1438 2342 οἶποιρσὲ
1464 2289 1608 2331 insera-

271 2374 366 2402 mus
387 2349 470 2406 ὧν,
503 2362 613 2414 quod
632 2370 861 2415 pronomen
884 2376 906 2402 a
925 2361 1069 2412 vocab.
1087 2354 1361 2416 praecedente,
1386 2360 1429 2400 in
1449 2359 1609 2404 easdem

268 2431 410 2473 literas
438 2439 635 2481 exeunte,
674 2432 906 2487 absorptum
933 2432 1003 2474 est.
1061 2431 1262 2481 Accedit,
1300 2431 1410 2484 quod
1442 2430 1485 2472 in
1514 2430 1610 2472 cod.

270 2503 381 2545 lior.
400 2503 508 2544 inter
529 2498 720 2545 πλειόνων
742 2503 786 2545 &
807 2505 848 2544 οἱ
860 2499 971 2558 πικροὶ
993 2502 1180 2544 nonnihil
1190 2503 1307 2557 spatii
1329 2499 1518 2543 relietum
1536 2501 1610 2544 est.

270 2574 326 2615 Et
343 2574 435 2615 haec
454 2575 620 2628 quidem
643 2576 898 2625 emendatio,
937 2564 997 2616 ὧν
1017 2575 1059 2615 οἱ
1069 2570 1180 2630 πικροὶ
1201 2588 1279 2615 των
1299 2571 1439 2627 Hom&-
1461 2572 1610 2627 absque

269 2643 365 2686 haefi
369 2646 479 2686 tatio
474 2659 523 2685 le
545 2646 587 2687 in
605 2653 847 2687 contextum
869 2647 1032 2687 videtur
1052 2646 1308 2700 recipienda;
1339 2645 1449 2698 quod
1467 2643 1608 2684 nescio

269 2728 354 2769 quo
386 2714 505 2770 patto
533 2718 710 2759 nostram
741 2717 936 2771 effugerit
965 2716 1239 2771 dirigentiam.
1290 2716 1496 2770 Populus,
1536 2713 1607 2768 qui

268 2785 493 2843 Hastam)
507 2787 549 2830 h.
566 2789 594 2832 l.
612 2789 896 2839 nominantur,
922 2786 1124 2843 ssago-&mot
1145 2793 1347 2830 vocantur
1364 2785 1459 2831 VH.
1476 2796 1517 2840 9.
1541 2796 1606 2838 13.

1489 2856 1606 2908 (nam
