<?xml version="1.0" encoding="UTF-8"?>
<!DOCTYPE html PUBLIC "-//W3C//DTD XHTML 1.0 Transitional//EN"
    "http://www.w3.org/TR/xhtml1/DTD/xhtml1-transitional.dtd">
<html xmlns="http://www.w3.org/1999/xhtml" xml:lang="en" lang="en">
 <head>
  <title>
</title>
<meta http-equiv="Content-Type" content="text/html;charset=utf-8" />
  <meta name='ocr-system' content='tesseract 3.04.00' />
  <meta name='ocr-capabilities' content='ocr_page ocr_carea ocr_par ocr_line ocrx_word'/>
</head>
<body>
  <div class='ocr_page' id='page_1' title='image "./historiarumquidq05polyuoft_0622.png"; bbox 0 0 1734 3164; ppageno 0'>
   <div class='ocr_carea' id='block_1_1' title="bbox 325 278 1257 337">
    <p class='ocr_par' dir='ltr' id='par_1_1' title="bbox 325 278 1257 337">
     <span class='ocr_line' id='line_1_1' title="bbox 325 278 1257 337; baseline 0 -11"><span class='ocrx_word' id='word_1_1' title='bbox 325 278 420 337; x_wconf 73' lang='lat'>&#39;596</span> <span class='ocrx_word' id='word_1_2' title='bbox 735 287 1257 327; x_wconf 61' lang='lat' dir='ltr'>amiota-nomn</span> 
     </span>
    </p>
   </div>
   <div class='ocr_carea' id='block_1_2' title="bbox 153 378 1703 2888">
    <p class='ocr_par' dir='ltr' id='par_1_2' title="bbox 155 378 1214 463">
     <span class='ocr_line' id='line_1_2' title="bbox 155 378 1214 463; baseline 0.001 -9"><span class='ocrx_word' id='word_1_3' title='bbox 155 419 242 463; x_wconf 79' lang='lat' dir='ltr'>Cap.</span> <span class='ocrx_word' id='word_1_4' title='bbox 262 419 302 455; x_wconf 85' lang='lat' dir='ltr'>L.</span> <span class='ocrx_word' id='word_1_5' title='bbox 805 395 840 440; x_wconf 78' lang='lat' dir='ltr'>c</span> <span class='ocrx_word' id='word_1_6' title='bbox 866 396 909 439; x_wconf 79' lang='lat' dir='ltr'>A</span> <span class='ocrx_word' id='word_1_7' title='bbox 937 395 969 439; x_wconf 81' lang='lat' dir='ltr'><strong>P</strong></span> <span class='ocrx_word' id='word_1_8' title='bbox 995 384 1040 441; x_wconf 78' lang='lat' dir='ltr'>V</span> <span class='ocrx_word' id='word_1_9' title='bbox 1066 378 1107 445; x_wconf 46' lang='lat' dir='ltr'>&#39;r</span> <span class='ocrx_word' id='word_1_10' title='bbox 1166 394 1214 440; x_wconf 86' lang='lat' dir='ltr'>L·</span> 
     </span>
    </p>

    <p class='ocr_par' dir='ltr' id='par_1_3' title="bbox 153 427 1678 668">
     <span class='ocr_line' id='line_1_3' title="bbox 153 427 1675 524; baseline 0.001 -14"><span class='ocrx_word' id='word_1_11' title='bbox 153 470 251 510; x_wconf 83' lang='lat' dir='ltr'>Vers.</span> <span class='ocrx_word' id='word_1_12' title='bbox 272 478 328 509; x_wconf 82' lang='lat'>1.·</span> <span class='ocrx_word' id='word_1_13' title='bbox 421 465 536 523; x_wconf 76' lang='lat' dir='ltr'>Vers</span> <span class='ocrx_word' id='word_1_14' title='bbox 561 481 595 512; x_wconf 81' lang='grc' dir='ltr'>ι.</span> <span class='ocrx_word' id='word_1_15' title='bbox 620 465 799 512; x_wconf 86' lang='lat' dir='ltr'>Historia</span> <span class='ocrx_word' id='word_1_16' title='bbox 834 468 976 524; x_wconf 87' lang='lat' dir='ltr'>Trans</span> <span class='ocrx_word' id='word_1_17' title='bbox 977 475 1044 511; x_wconf 81' lang='lat' dir='ltr'>tus</span> <span class='ocrx_word' id='word_1_18' title='bbox 1071 466 1317 511; x_wconf 74' lang='lat' dir='ltr'><em>Hannibalis</em></span> <span class='ocrx_word' id='word_1_19' title='bbox 1341 480 1418 524; x_wconf 78' lang='lat' dir='ltr'>per</span> <span class='ocrx_word' id='word_1_20' title='bbox 1445 427 1591 524; x_wconf 69' lang='lat' dir='ltr'>Alpes,</span> <span class='ocrx_word' id='word_1_21' title='bbox 1625 467 1675 511; x_wconf 80' lang='lat' dir='ltr'>ab</span> 
     </span>
     <span class='ocr_line' id='line_1_4' title="bbox 323 535 1678 597; baseline -0.001 -14.993"><span class='ocrx_word' id='word_1_22' title='bbox 323 540 454 583; x_wconf 84' lang='lat' dir='ltr'>initio</span> <span class='ocrx_word' id='word_1_23' title='bbox 481 542 602 597; x_wconf 87' lang='lat' dir='ltr'>hujus</span> <span class='ocrx_word' id='word_1_24' title='bbox 624 540 723 596; x_wconf 87' lang='lat' dir='ltr'><strong>Cap.</strong></span> <span class='ocrx_word' id='word_1_25' title='bbox 743 541 867 596; x_wconf 90' lang='lat' dir='ltr'>usque</span> <span class='ocrx_word' id='word_1_26' title='bbox 887 553 975 597; x_wconf 83' lang='lat' dir='ltr'>cap.</span> <span class='ocrx_word' id='word_1_27' title='bbox 999 551 1064 593; x_wconf 74' lang='lat'>5¹,</span> <span class='ocrx_word' id='word_1_28' title='bbox 1091 553 1154 584; x_wconf 71' lang='grc' dir='ltr'>ιι.</span> <span class='ocrx_word' id='word_1_29' title='bbox 1187 535 1385 596; x_wconf 75' lang='grc' dir='ltr'>ἐγκρατης</span> <span class='ocrx_word' id='word_1_30' title='bbox 1416 539 1576 591; x_wconf 69' lang='grc' dir='ltr'><em>ἐγένετο</em></span> <span class='ocrx_word' id='word_1_31' title='bbox 1606 539 1678 596; x_wconf 72' lang='grc' dir='ltr'>τῆς</span> 
     </span>
     <span class='ocr_line' id='line_1_5' title="bbox 324 607 1638 668; baseline -0.001 -14"><span class='ocrx_word' id='word_1_32' title='bbox 324 607 510 662; x_wconf 51' lang='grc' dir='ltr'>τέλειος,</span> <span class='ocrx_word' id='word_1_33' title='bbox 539 614 596 655; x_wconf 92' lang='lat' dir='ltr'>est</span> <span class='ocrx_word' id='word_1_34' title='bbox 617 614 725 655; x_wconf 86' lang='lat' dir='ltr'>inter</span> <span class='ocrx_word' id='word_1_35' title='bbox 744 613 949 668; x_wconf 85' lang='lat' dir='ltr'>Eclogas,</span> <span class='ocrx_word' id='word_1_36' title='bbox 983 625 1085 666; x_wconf 86' lang='lat' dir='ltr'>quas</span> <span class='ocrx_word' id='word_1_37' title='bbox 1096 613 1227 667; x_wconf 57' lang='lat' dir='ltr'>&gt;habet</span> <span class='ocrx_word' id='word_1_38' title='bbox 1246 611 1383 655; x_wconf 80' lang='lat' dir='ltr'><em>Codex</em></span> <span class='ocrx_word' id='word_1_39' title='bbox 1405 623 1638 655; x_wconf 62' lang='lat' dir='ltr'>vualnas.</span> 
     </span>
    </p>

    <p class='ocr_par' dir='ltr' id='par_1_4' title="bbox 292 678 1703 2888">
     <span class='ocr_line' id='line_1_6' title="bbox 329 678 1679 740; baseline 0 -14"><span class='ocrx_word' id='word_1_40' title='bbox 329 692 334 696; x_wconf 80' lang='grc'><strong><em>’</em></strong></span> <span class='ocrx_word' id='word_1_41' title='bbox 417 684 522 728; x_wconf 81' lang='lat' dir='ltr'>Ibid.</span> <span class='ocrx_word' id='word_1_42' title='bbox 552 687 595 726; x_wconf 82' lang='grc' dir='ltr'>ἐν</span> <span class='ocrx_word' id='word_1_43' title='bbox 625 681 795 740; x_wconf 69' lang='grc' dir='ltr'><em>ἦμέροας</em></span> <span class='ocrx_word' id='word_1_44' title='bbox 817 682 913 725; x_wconf 67' lang='grc' dir='ltr'>δέκα</span> <span class='ocrx_word' id='word_1_45' title='bbox 937 678 1151 739; x_wconf 68' lang='grc' dir='ltr'>πορευθεὶς</span> <span class='ocrx_word' id='word_1_46' title='bbox 1180 680 1293 740; x_wconf 64' lang='grc' dir='ltr'><strong><em>παραὶ</em></strong></span> <span class='ocrx_word' id='word_1_47' title='bbox 1313 680 1389 726; x_wconf 65' lang='lat' dir='ltr'>‘rav</span> <span class='ocrx_word' id='word_1_48' title='bbox 1414 679 1596 737; x_wconf 61' lang='lat' dir='ltr'>ugoroeaav</span> <span class='ocrx_word' id='word_1_49' title='bbox 1623 678 1679 731; x_wconf 70' lang='grc' dir='ltr'>εἷς</span> 
     </span>
     <span class='ocr_line' id='line_1_7' title="bbox 327 743 1698 807; baseline -0.001 -9"><span class='ocrx_word' id='word_1_50' title='bbox 327 752 592 804; x_wconf 75' lang='grc' dir='ltr'>’ὀκτακοσίους</span> <span class='ocrx_word' id='word_1_51' title='bbox 615 754 809 803; x_wconf 71' lang='grc' dir='ltr'><strong><em>σταδίους.</em></strong></span> <span class='ocrx_word' id='word_1_52' title='bbox 866 756 1155 807; x_wconf 73' lang='lat' dir='ltr'>Casaubonus:</span> <span class='ocrx_word' id='word_1_53' title='bbox 1193 755 1322 798; x_wconf 81' lang='lat' dir='ltr'>decem</span> <span class='ocrx_word' id='word_1_54' title='bbox 1355 756 1493 799; x_wconf 81' lang='lat' dir='ltr'>diebus</span> <span class='ocrx_word' id='word_1_55' title='bbox 1521 743 1698 798; x_wconf 74' lang='lat' dir='ltr'>centum&#39;</span> 
     </span>
     <span class='ocr_line' id='line_1_8' title="bbox 319 820 1679 886; baseline -0.001 -16"><span class='ocrx_word' id='word_1_56' title='bbox 319 820 415 884; x_wconf 66' lang='lat' dir='ltr'>stre</span> <span class='ocrx_word' id='word_1_57' title='bbox 440 829 562 870; x_wconf 76' lang='lat' dir='ltr'>millia</span> <span class='ocrx_word' id='word_1_58' title='bbox 587 826 777 886; x_wconf 79' lang='lat' dir='ltr'>paffimm·</span> <span class='ocrx_word' id='word_1_59' title='bbox 794 834 965 882; x_wconf 78' lang='lat' dir='ltr'>propter</span> <span class='ocrx_word' id='word_1_60' title='bbox 995 825 1232 870; x_wconf 76' lang='lat' dir='ltr'><em>Rhodanum</em></span> <span class='ocrx_word' id='word_1_61' title='bbox 1259 827 1447 883; x_wconf 75' lang='lat' dir='ltr'>emensus.</span> <span class='ocrx_word' id='word_1_62' title='bbox 1504 829 1566 871; x_wconf 86' lang='lat' dir='ltr'>At</span> <span class='ocrx_word' id='word_1_63' title='bbox 1592 839 1679 869; x_wconf 84' lang='lat' dir='ltr'>non</span> 
     </span>
     <span class='ocr_line' id='line_1_9' title="bbox 324 898 1679 956; baseline -0.001 -14"><span class='ocrx_word' id='word_1_64' title='bbox 324 908 496 956; x_wconf 78' lang='lat' dir='ltr'>propter</span> <span class='ocrx_word' id='word_1_65' title='bbox 517 899 776 951; x_wconf 80' lang='lat' dir='ltr'><em>Rhodanum,</em></span> <span class='ocrx_word' id='word_1_66' title='bbox 806 899 875 941; x_wconf 86' lang='lat' dir='ltr'>sed</span> <span class='ocrx_word' id='word_1_67' title='bbox 891 905 1060 955; x_wconf 80' lang='lat' dir='ltr'>propter</span> <span class='ocrx_word' id='word_1_68' title='bbox 1073 898 1311 952; x_wconf 82' lang='lat' dir='ltr'>fluvium</span> <span class='ocrx_word' id='word_1_69' title='bbox 1329 901 1528 956; x_wconf 89' lang='lat' dir='ltr'><strong>Polybius</strong></span> <span class='ocrx_word' id='word_1_70' title='bbox 1549 899 1679 942; x_wconf 79' lang='lat' dir='ltr'>dicit:</span> 
     </span>
     <span class='ocr_line' id='line_1_10' title="bbox 330 970 1674 1027; baseline -0.001 -12"><span class='ocrx_word' id='word_1_71' title='bbox 330 970 376 1015; x_wconf 86' lang='lat'>&amp;</span> <span class='ocrx_word' id='word_1_72' title='bbox 395 971 450 1014; x_wconf 83' lang='lat' dir='ltr'>fic</span> <span class='ocrx_word' id='word_1_73' title='bbox 470 973 613 1027; x_wconf 89' lang='lat' dir='ltr'>utique</span> <span class='ocrx_word' id='word_1_74' title='bbox 639 973 681 1013; x_wconf 89' lang='lat' dir='ltr'>in</span> <span class='ocrx_word' id='word_1_75' title='bbox 705 970 890 1014; x_wconf 85' lang='lat' dir='ltr'>verfione</span> <span class='ocrx_word' id='word_1_76' title='bbox 918 971 1044 1012; x_wconf 85' lang='lat' dir='ltr'>latina</span> <span class='ocrx_word' id='word_1_77' title='bbox 1076 971 1319 1027; x_wconf 74' lang='lat' dir='ltr'>rescriptum</span> <span class='ocrx_word' id='word_1_78' title='bbox 1347 973 1500 1022; x_wconf 83' lang='lat' dir='ltr'>velim3</span> <span class='ocrx_word' id='word_1_79' title='bbox 1536 984 1674 1027; x_wconf 79' lang='lat' dir='ltr'>neque</span> 
     </span>
     <span class='ocr_line' id='line_1_11' title="bbox 327 1035 1674 1100; baseline -0.001 -13"><span class='ocrx_word' id='word_1_80' title='bbox 327 1044 573 1087; x_wconf 85' lang='lat' dir='ltr'>Rhodanum</span> <span class='ocrx_word' id='word_1_81' title='bbox 587 1075 598 1094; x_wconf 88' lang='lat'>,</span> <span class='ocrx_word' id='word_1_82' title='bbox 637 1042 704 1086; x_wconf 91' lang='lat' dir='ltr'>sed</span> <span class='ocrx_word' id='word_1_83' title='bbox 732 1039 892 1098; x_wconf 69' lang='lat' dir='ltr'>[saram</span> <span class='ocrx_word' id='word_1_84' title='bbox 919 1042 1096 1084; x_wconf 90' lang='lat' dir='ltr'>fluvium</span> <span class='ocrx_word' id='word_1_85' title='bbox 1119 1035 1254 1096; x_wconf 71' lang='lat' dir='ltr'>(co&#39;hf.</span> <span class='ocrx_word' id='word_1_86' title='bbox 1275 1035 1364 1100; x_wconf 85' lang='lat' dir='ltr'>cap.</span> <span class='ocrx_word' id='word_1_87' title='bbox 1387 1054 1455 1100; x_wconf 84' lang='lat'>49,</span> <span class='ocrx_word' id='word_1_88' title='bbox 1480 1043 1544 1096; x_wconf 79' lang='grc' dir='ltr'>ς.)</span> <span class='ocrx_word' id='word_1_89' title='bbox 1562 1056 1674 1085; x_wconf 85' lang='lat' dir='ltr'>nunc</span> 
     </span>
     <span class='ocr_line' id='line_1_12' title="bbox 329 1113 1672 1175; baseline 0 -18"><span class='ocrx_word' id='word_1_90' title='bbox 329 1116 416 1157; x_wconf 81' lang='lat' dir='ltr'>dici</span> <span class='ocrx_word' id='word_1_91' title='bbox 432 1130 455 1170; x_wconf 80' lang='lat' dir='ltr'>a</span> <span class='ocrx_word' id='word_1_92' title='bbox 475 1116 653 1170; x_wconf 84' lang='lat' dir='ltr'>Polybio</span> <span class='ocrx_word' id='word_1_93' title='bbox 676 1122 849 1173; x_wconf 50' lang='lat' dir='ltr'>putem„</span> <span class='ocrx_word' id='word_1_94' title='bbox 888 1113 979 1175; x_wconf 75' lang='lat' dir='ltr'>Nec</span> <span class='ocrx_word' id='word_1_95' title='bbox 1012 1115 1123 1155; x_wconf 88' lang='lat' dir='ltr'>enim</span> <span class='ocrx_word' id='word_1_96' title='bbox 1147 1115 1382 1156; x_wconf 85' lang='lat' dir='ltr'>immanem</span> <span class='ocrx_word' id='word_1_97' title='bbox 1397 1116 1515 1157; x_wconf 89' lang='lat' dir='ltr'>illum</span> <span class='ocrx_word' id='word_1_98' title='bbox 1543 1115 1672 1157; x_wconf 80' lang='lat' dir='ltr'>anfra-</span> 
     </span>
     <span class='ocr_line' id='line_1_13' title="bbox 327 1184 1671 1242; baseline 0 -14"><span class='ocrx_word' id='word_1_99' title='bbox 327 1184 461 1238; x_wconf 68' lang='grc' dir='ltr'>ξὶυηι,</span> <span class='ocrx_word' id='word_1_100' title='bbox 490 1199 614 1242; x_wconf 89' lang='lat' dir='ltr'>quem</span> <span class='ocrx_word' id='word_1_101' title='bbox 635 1186 734 1228; x_wconf 84' lang='lat' dir='ltr'>facit</span> <span class='ocrx_word' id='word_1_102' title='bbox 751 1185 972 1228; x_wconf 88' lang='lat' dir='ltr'>Rhodanus</span> <span class='ocrx_word' id='word_1_103' title='bbox 993 1186 1042 1226; x_wconf 85' lang='lat' dir='ltr'>ad</span> <span class='ocrx_word' id='word_1_104' title='bbox 1059 1185 1332 1240; x_wconf 84' lang='lat' dir='ltr'><strong>Lugdunum,</strong></span> <span class='ocrx_word' id='word_1_105' title='bbox 1360 1187 1570 1229; x_wconf 89' lang='lat' dir='ltr'>emensum</span> <span class='ocrx_word' id='word_1_106' title='bbox 1589 1185 1671 1228; x_wconf 86' lang='lat' dir='ltr'>effe</span> 
     </span>
     <span class='ocr_line' id='line_1_14' title="bbox 328 1254 1668 1313; baseline 0.001 -14"><span class='ocrx_word' id='word_1_107' title='bbox 328 1272 503 1313; x_wconf 83' lang='lat' dir='ltr'><strong>agmen,</strong></span> <span class='ocrx_word' id='word_1_108' title='bbox 532 1258 743 1313; x_wconf 79' lang='lat' dir='ltr'>probabile</span> <span class='ocrx_word' id='word_1_109' title='bbox 764 1257 843 1298; x_wconf 84' lang='lat' dir='ltr'>est:</span> <span class='ocrx_word' id='word_1_110' title='bbox 882 1254 1008 1307; x_wconf 86' lang='lat' dir='ltr'>&amp;‚&#39;fi</span> <span class='ocrx_word' id='word_1_111' title='bbox 1028 1256 1116 1297; x_wconf 59' lang='lat' dir='ltr'>hac?</span> <span class='ocrx_word' id='word_1_112' title='bbox 1139 1258 1207 1299; x_wconf 87' lang='lat' dir='ltr'>via</span> <span class='ocrx_word' id='word_1_113' title='bbox 1225 1258 1307 1300; x_wconf 89' lang='lat' dir='ltr'>iter</span> <span class='ocrx_word' id='word_1_114' title='bbox 1324 1258 1501 1310; x_wconf 80' lang='lat' dir='ltr'>feciffet,</span> <span class='ocrx_word' id='word_1_115' title='bbox 1532 1259 1668 1301; x_wconf 81' lang='lat' dir='ltr'>multo</span> 
     </span>
     <span class='ocr_line' id='line_1_15' title="bbox 324 1328 1668 1391; baseline 0.001 -20"><span class='ocrx_word' id='word_1_116' title='bbox 324 1329 493 1385; x_wconf 85' lang='lat' dir='ltr'>longius</span> <span class='ocrx_word' id='word_1_117' title='bbox 515 1330 630 1381; x_wconf 88' lang='lat' dir='ltr'>sane,</span> <span class='ocrx_word' id='word_1_118' title='bbox 661 1342 784 1385; x_wconf 88' lang='lat' dir='ltr'>quam</span> <span class='ocrx_word' id='word_1_119' title='bbox 802 1336 970 1370; x_wconf 85' lang='lat' dir='ltr'>centum</span> <span class='ocrx_word' id='word_1_120' title='bbox 989 1328 1164 1370; x_wconf 87' lang='lat' dir='ltr'>millium</span> <span class='ocrx_word' id='word_1_121' title='bbox 1183 1328 1390 1384; x_wconf 84' lang='lat' dir='ltr'>paffuum,</span> <span class='ocrx_word' id='word_1_122' title='bbox 1425 1330 1506 1372; x_wconf 89' lang='lat' dir='ltr'>iter</span> <span class='ocrx_word' id='word_1_123' title='bbox 1532 1329 1668 1391; x_wconf 67' lang='lat' dir='ltr'>fuifl&#39;et</span> 
     </span>
     <span class='ocr_line' id='line_1_16' title="bbox 325 1400 1668 1456; baseline -0.001 -12"><span class='ocrx_word' id='word_1_124' title='bbox 325 1401 375 1444; x_wconf 82' lang='lat' dir='ltr'>ab</span> <span class='ocrx_word' id='word_1_125' title='bbox 397 1401 523 1454; x_wconf 87' lang='lat' dir='ltr'>Isara,</span> <span class='ocrx_word' id='word_1_126' title='bbox 555 1402 742 1444; x_wconf 87' lang='lat' dir='ltr'>Rhodani</span> <span class='ocrx_word' id='word_1_127' title='bbox 759 1401 891 1456; x_wconf 85' lang='lat' dir='ltr'>ripam</span> <span class='ocrx_word' id='word_1_128' title='bbox 908 1400 1139 1454; x_wconf 87' lang='lat' dir='ltr'>sequendo,</span> <span class='ocrx_word' id='word_1_129' title='bbox 1169 1401 1296 1456; x_wconf 86' lang='lat' dir='ltr'>usque</span> <span class='ocrx_word' id='word_1_130' title='bbox 1316 1402 1367 1444; x_wconf 87' lang='lat' dir='ltr'>ad</span> <span class='ocrx_word' id='word_1_131' title='bbox 1389 1415 1484 1443; x_wconf 90' lang='lat' dir='ltr'>eum</span> <span class='ocrx_word' id='word_1_132' title='bbox 1507 1402 1668 1443; x_wconf 86' lang='lat' dir='ltr'>adscen-</span> 
     </span>
     <span class='ocr_line' id='line_1_17' title="bbox 323 1472 1666 1528; baseline 0 -13"><span class='ocrx_word' id='word_1_133' title='bbox 323 1472 411 1515; x_wconf 86' lang='lat' dir='ltr'>sum</span> <span class='ocrx_word' id='word_1_134' title='bbox 429 1473 622 1528; x_wconf 86' lang='lat' dir='ltr'>Alpium,</span> <span class='ocrx_word' id='word_1_135' title='bbox 652 1488 675 1514; x_wconf 84' lang='lat' dir='ltr'>a</span> <span class='ocrx_word' id='word_1_136' title='bbox 690 1486 773 1528; x_wconf 93' lang='lat' dir='ltr'>quo</span> <span class='ocrx_word' id='word_1_137' title='bbox 796 1472 944 1514; x_wconf 84' lang='lat' dir='ltr'>deinde</span> <span class='ocrx_word' id='word_1_138' title='bbox 967 1472 1113 1526; x_wconf 86' lang='lat' dir='ltr'>quinto</span> <span class='ocrx_word' id='word_1_139' title='bbox 1133 1473 1297 1515; x_wconf 85' lang='lat' dir='ltr'>decimo</span> <span class='ocrx_word' id='word_1_140' title='bbox 1314 1473 1381 1515; x_wconf 88' lang='lat' dir='ltr'>die</span> <span class='ocrx_word' id='word_1_141' title='bbox 1410 1473 1479 1528; x_wconf 86' lang='lat' dir='ltr'>(ut</span> <span class='ocrx_word' id='word_1_142' title='bbox 1498 1473 1555 1515; x_wconf 83' lang='lat' dir='ltr'>ait</span> <span class='ocrx_word' id='word_1_143' title='bbox 1575 1482 1666 1528; x_wconf 85' lang='lat' dir='ltr'>cap.</span> 
     </span>
     <span class='ocr_line' id='line_1_18' title="bbox 321 1542 1663 1600; baseline -0.001 -13"><span class='ocrx_word' id='word_1_144' title='bbox 321 1542 391 1598; x_wconf 85' lang='lat'>56,</span> <span class='ocrx_word' id='word_1_145' title='bbox 406 1543 464 1598; x_wconf 86' lang='lat'>3.)</span> <span class='ocrx_word' id='word_1_146' title='bbox 485 1546 527 1586; x_wconf 90' lang='lat' dir='ltr'>in</span> <span class='ocrx_word' id='word_1_147' title='bbox 544 1545 702 1587; x_wconf 84' lang='lat' dir='ltr'>Italiam</span> <span class='ocrx_word' id='word_1_148' title='bbox 714 1544 934 1599; x_wconf 86' lang='lat' dir='ltr'>pervenire</span> <span class='ocrx_word' id='word_1_149' title='bbox 945 1557 1096 1599; x_wconf 88' lang='lat' dir='ltr'>agmen</span> <span class='ocrx_word' id='word_1_150' title='bbox 1117 1544 1268 1599; x_wconf 88' lang='lat' dir='ltr'>potuit.</span> <span class='ocrx_word' id='word_1_151' title='bbox 1306 1544 1571 1600; x_wconf 87' lang='lat' dir='ltr'>Omninoque</span> <span class='ocrx_word' id='word_1_152' title='bbox 1581 1544 1663 1586; x_wconf 90' lang='lat' dir='ltr'>hoc</span> 
     </span>
     <span class='ocr_line' id='line_1_19' title="bbox 321 1610 1703 1672; baseline 0 -14"><span class='ocrx_word' id='word_1_153' title='bbox 321 1617 463 1658; x_wconf 84' lang='lat' dir='ltr'>dicere</span> <span class='ocrx_word' id='word_1_154' title='bbox 485 1616 684 1671; x_wconf 85' lang='lat' dir='ltr'>Polybius</span> <span class='ocrx_word' id='word_1_155' title='bbox 708 1616 892 1667; x_wconf 64' lang='lat' dir='ltr'>videtur,</span> <span class='ocrx_word' id='word_1_156' title='bbox 930 1610 1095 1656; x_wconf 73' lang='lat' dir='ltr'>aci‘versa</span> <span class='ocrx_word' id='word_1_157' title='bbox 1119 1615 1240 1658; x_wconf 79' lang='lat' dir='ltr'>Jsarae</span> <span class='ocrx_word' id='word_1_158' title='bbox 1265 1617 1375 1672; x_wconf 81' lang='lat' dir='ltr'>ripa,</span> <span class='ocrx_word' id='word_1_159' title='bbox 1404 1616 1544 1659; x_wconf 85' lang='lat' dir='ltr'>versus</span> <span class='ocrx_word' id='word_1_160' title='bbox 1572 1616 1663 1658; x_wconf 87' lang='lat' dir='ltr'>fon·</span> <span class='ocrx_word' id='word_1_161' title='bbox 1697 1658 1703 1663; x_wconf 72' lang='grc'>,</span> 
     </span>
     <span class='ocr_line' id='line_1_20' title="bbox 319 1686 1662 1744; baseline 0 -14"><span class='ocrx_word' id='word_1_162' title='bbox 319 1695 408 1730; x_wconf 83' lang='lat' dir='ltr'>tem</span> <span class='ocrx_word' id='word_1_163' title='bbox 427 1689 516 1744; x_wconf 90' lang='lat' dir='ltr'>ejus</span> <span class='ocrx_word' id='word_1_164' title='bbox 537 1689 676 1740; x_wconf 86' lang='lat' dir='ltr'>fluvii,</span> <span class='ocrx_word' id='word_1_165' title='bbox 706 1689 851 1729; x_wconf 90' lang='lat' dir='ltr'>decem</span> <span class='ocrx_word' id='word_1_166' title='bbox 867 1687 1011 1728; x_wconf 91' lang='lat' dir='ltr'>diebus</span> <span class='ocrx_word' id='word_1_167' title='bbox 1028 1701 1105 1742; x_wconf 91' lang='lat' dir='ltr'>per</span> <span class='ocrx_word' id='word_1_168' title='bbox 1123 1700 1164 1729; x_wconf 84' lang='lat' dir='ltr'>c.</span> <span class='ocrx_word' id='word_1_169' title='bbox 1185 1687 1359 1730; x_wconf 84' lang='lat' dir='ltr'>millium</span> <span class='ocrx_word' id='word_1_170' title='bbox 1368 1686 1471 1743; x_wconf 65' lang='lat' dir='ltr'>tpafl&#39;.</span> <span class='ocrx_word' id='word_1_171' title='bbox 1489 1688 1662 1743; x_wconf 81' lang='lat' dir='ltr'>spatium</span> 
     </span>
     <span class='ocr_line' id='line_1_21' title="bbox 317 1758 1660 1816; baseline 0.001 -15"><span class='ocrx_word' id='word_1_172' title='bbox 317 1759 577 1816; x_wconf 80' lang='lat' dir='ltr'>progressum</span> <span class='ocrx_word' id='word_1_173' title='bbox 602 1758 682 1801; x_wconf 75' lang='lat' dir='ltr'>ess&#39;e</span> <span class='ocrx_word' id='word_1_174' title='bbox 703 1772 876 1815; x_wconf 85' lang='lat' dir='ltr'>agmen3</span> <span class='ocrx_word' id='word_1_175' title='bbox 911 1771 1083 1814; x_wconf 88' lang='lat' dir='ltr'>eamque</span> <span class='ocrx_word' id='word_1_176' title='bbox 1104 1759 1213 1801; x_wconf 78' lang='lat' dir='ltr'>viam</span> <span class='ocrx_word' id='word_1_177' title='bbox 1234 1759 1447 1815; x_wconf 87' lang='lat' dir='ltr'>postquam</span> <span class='ocrx_word' id='word_1_178' title='bbox 1468 1773 1544 1816; x_wconf 87' lang='lat' dir='ltr'>per</span> <span class='ocrx_word' id='word_1_179' title='bbox 1562 1773 1660 1802; x_wconf 90' lang='lat' dir='ltr'>con-</span> 
     </span>
     <span class='ocr_line' id='line_1_22' title="bbox 318 1830 1658 1886; baseline 0 -14"><span class='ocrx_word' id='word_1_180' title='bbox 318 1831 449 1873; x_wconf 89' lang='lat' dir='ltr'>valles</span> <span class='ocrx_word' id='word_1_181' title='bbox 480 1830 690 1873; x_wconf 88' lang='lat' dir='ltr'>emensum</span> <span class='ocrx_word' id='word_1_182' title='bbox 714 1830 792 1881; x_wconf 89' lang='lat' dir='ltr'>est,</span> <span class='ocrx_word' id='word_1_183' title='bbox 833 1831 981 1871; x_wconf 84' lang='lat' dir='ltr'>deinde</span> <span class='ocrx_word' id='word_1_184' title='bbox 1007 1831 1090 1886; x_wconf 90' lang='lat' dir='ltr'>ipsa</span> <span class='ocrx_word' id='word_1_185' title='bbox 1117 1831 1321 1872; x_wconf 85' lang='lat' dir='ltr'>montium</span> <span class='ocrx_word' id='word_1_186' title='bbox 1341 1831 1444 1886; x_wconf 71' lang='lat' dir='ltr'>juga</span> <span class='ocrx_word' id='word_1_187' title='bbox 1466 1831 1658 1873; x_wconf 84' lang='lat' dir='ltr'>conscen-</span> 
     </span>
     <span class='ocr_line' id='line_1_23' title="bbox 318 1901 1658 1962; baseline 0 -18"><span class='ocrx_word' id='word_1_188' title='bbox 318 1903 417 1944; x_wconf 85' lang='lat' dir='ltr'>&#39;dere</span> <span class='ocrx_word' id='word_1_189' title='bbox 444 1902 626 1958; x_wconf 81' lang='lat' dir='ltr'>coepiffe.</span> <span class='ocrx_word' id='word_1_190' title='bbox 683 1901 791 1945; x_wconf 87' lang='lat' dir='ltr'>Satis</span> <span class='ocrx_word' id='word_1_191' title='bbox 815 1908 951 1943; x_wconf 84' lang='lat' dir='ltr'>autem</span> <span class='ocrx_word' id='word_1_192' title='bbox 971 1902 1172 1944; x_wconf 89' lang='lat' dir='ltr'>convenit</span> <span class='ocrx_word' id='word_1_193' title='bbox 1187 1902 1296 1944; x_wconf 89' lang='lat' dir='ltr'>ratio</span> <span class='ocrx_word' id='word_1_194' title='bbox 1317 1903 1480 1944; x_wconf 89' lang='lat' dir='ltr'>numeri</span> <span class='ocrx_word' id='word_1_195' title='bbox 1497 1903 1658 1962; x_wconf 83' lang='lat' dir='ltr'>dierum</span> 
     </span>
     <span class='ocr_line' id='line_1_24' title="bbox 316 1957 1652 2030; baseline 0.001 -15"><span class='ocrx_word' id='word_1_196' title='bbox 316 1971 415 2015; x_wconf 74' lang='lat' dir='ltr'>&#39;cum</span> <span class='ocrx_word' id='word_1_197' title='bbox 435 1975 513 2017; x_wconf 86' lang='lat' dir='ltr'>viae</span> <span class='ocrx_word' id='word_1_198' title='bbox 545 1974 694 2030; x_wconf 84' lang='lat' dir='ltr'>spatio,</span> <span class='ocrx_word' id='word_1_199' title='bbox 732 1980 778 2015; x_wconf 88' lang='lat' dir='ltr'>ut</span> <span class='ocrx_word' id='word_1_200' title='bbox 805 1987 970 2028; x_wconf 88' lang='lat' dir='ltr'>quoque</span> <span class='ocrx_word' id='word_1_201' title='bbox 998 1974 1065 2015; x_wconf 88' lang='lat' dir='ltr'>die</span> <span class='ocrx_word' id='word_1_202' title='bbox 1091 1987 1241 2015; x_wconf 73' lang='lat' dir='ltr'>Lxxx</span> <span class='ocrx_word' id='word_1_203' title='bbox 1264 1974 1412 2025; x_wconf 90' lang='lat' dir='ltr'>stadia,</span> <span class='ocrx_word' id='word_1_204' title='bbox 1440 1974 1483 2016; x_wconf 89' lang='lat' dir='ltr'>id</span> <span class='ocrx_word' id='word_1_205' title='bbox 1503 1957 1584 2026; x_wconf 84' lang='lat' dir='ltr'>est,</span> <span class='ocrx_word' id='word_1_206' title='bbox 1614 1986 1652 2016; x_wconf 88' lang='lat' dir='ltr'><strong>x</strong></span> 
     </span>
     <span class='ocr_line' id='line_1_25' title="bbox 313 2045 1656 2102; baseline 0.001 -16"><span class='ocrx_word' id='word_1_207' title='bbox 313 2045 443 2086; x_wconf 83' lang='lat' dir='ltr'>inillia</span> <span class='ocrx_word' id='word_1_208' title='bbox 461 2045 557 2101; x_wconf 79' lang='lat' dir='ltr'>pass&#39;.</span> <span class='ocrx_word' id='word_1_209' title='bbox 579 2046 808 2087; x_wconf 79' lang='lat' dir='ltr'>confecerit</span> <span class='ocrx_word' id='word_1_210' title='bbox 828 2057 1003 2100; x_wconf 85' lang='lat' dir='ltr'>agmen:</span> <span class='ocrx_word' id='word_1_211' title='bbox 1041 2046 1152 2100; x_wconf 82' lang='lat' dir='ltr'>qu&#39;od</span> <span class='ocrx_word' id='word_1_212' title='bbox 1174 2047 1302 2088; x_wconf 88' lang='lat' dir='ltr'>breve</span> <span class='ocrx_word' id='word_1_213' title='bbox 1330 2045 1497 2102; x_wconf 88' lang='lat' dir='ltr'>quidem</span> <span class='ocrx_word' id='word_1_214' title='bbox 1526 2045 1656 2088; x_wconf 83' lang='lat' dir='ltr'>videri</span> 
     </span>
     <span class='ocr_line' id='line_1_26' title="bbox 311 2103 1652 2174; baseline 0.002 -18"><span class='ocrx_word' id='word_1_215' title='bbox 311 2103 486 2170; x_wconf 84' lang='lat' dir='ltr'>spatium</span> <span class='ocrx_word' id='word_1_216' title='bbox 506 2117 659 2172; x_wconf 88' lang='lat' dir='ltr'>potest,</span> <span class='ocrx_word' id='word_1_217' title='bbox 687 2117 753 2158; x_wconf 90' lang='lat' dir='ltr'>sed</span> <span class='ocrx_word' id='word_1_218' title='bbox 774 2131 857 2158; x_wconf 90' lang='lat' dir='ltr'>non</span> <span class='ocrx_word' id='word_1_219' title='bbox 875 2118 998 2159; x_wconf 87' lang='lat' dir='ltr'>nimis</span> <span class='ocrx_word' id='word_1_220' title='bbox 1018 2117 1144 2159; x_wconf 89' lang='lat' dir='ltr'>breve</span> <span class='ocrx_word' id='word_1_221' title='bbox 1162 2117 1333 2173; x_wconf 84' lang='lat' dir='ltr'>agmini,</span> <span class='ocrx_word' id='word_1_222' title='bbox 1360 2131 1437 2174; x_wconf 91' lang='lat' dir='ltr'>per</span> <span class='ocrx_word' id='word_1_223' title='bbox 1452 2117 1652 2173; x_wconf 82' lang='lat' dir='ltr'>impedita</span> 
     </span>
     <span class='ocr_line' id='line_1_27' title="bbox 292 2174 1653 2244; baseline 0.001 -16"><span class='ocrx_word' id='word_1_224' title='bbox 292 2174 403 2228; x_wconf 48' lang='lat' dir='ltr'>xloca</span> <span class='ocrx_word' id='word_1_225' title='bbox 439 2186 483 2230; x_wconf 77' lang='grc' dir='ltr'>δι</span> <span class='ocrx_word' id='word_1_226' title='bbox 514 2189 765 2230; x_wconf 85' lang='lat' dir='ltr'>convallium</span> <span class='ocrx_word' id='word_1_227' title='bbox 800 2189 1004 2244; x_wconf 85' lang='lat' dir='ltr'>angustias</span> <span class='ocrx_word' id='word_1_228' title='bbox 1035 2190 1115 2231; x_wconf 91' lang='lat' dir='ltr'>iter</span> <span class='ocrx_word' id='word_1_229' title='bbox 1144 2189 1324 2233; x_wconf 78' lang='lat' dir='ltr'>facienti.</span> <span class='ocrx_word' id='word_1_230' title='bbox 1391 2189 1433 2232; x_wconf 93' lang='lat' dir='ltr'>A</span> <span class='ocrx_word' id='word_1_231' title='bbox 1464 2183 1653 2231; x_wconf 85' lang='lat' dir='ltr'>Rhodani</span> 
     </span>
     <span class='ocr_line' id='line_1_28' title="bbox 308 2255 1652 2316; baseline 0.001 -17"><span class='ocrx_word' id='word_1_232' title='bbox 308 2255 481 2312; x_wconf 57' lang='lat' dir='ltr'>t‘rajeecu</span> <span class='ocrx_word' id='word_1_233' title='bbox 498 2261 548 2301; x_wconf 86' lang='lat' dir='ltr'>ad</span> <span class='ocrx_word' id='word_1_234' title='bbox 568 2260 798 2302; x_wconf 83' lang='lat' dir='ltr'>adscensum</span> <span class='ocrx_word' id='word_1_235' title='bbox 817 2261 990 2316; x_wconf 84' lang='lat' dir='ltr'>Alpium</span> <span class='ocrx_word' id='word_1_236' title='bbox 1008 2261 1242 2303; x_wconf 85' lang='lat' dir='ltr'>numeravit</span> <span class='ocrx_word' id='word_1_237' title='bbox 1258 2260 1383 2303; x_wconf 80' lang='lat' dir='ltr'>stadia</span> <span class='ocrx_word' id='word_1_238' title='bbox 1404 2271 1522 2314; x_wconf 75' lang='lat'>1400.</span> <span class='ocrx_word' id='word_1_239' title='bbox 1539 2258 1652 2314; x_wconf 85' lang='lat' dir='ltr'>(cap.</span> 
     </span>
     <span class='ocr_line' id='line_1_29' title="bbox 308 2329 1647 2385; baseline -0.002 -10"><span class='ocrx_word' id='word_1_240' title='bbox 308 2339 378 2383; x_wconf 80' lang='lat'>39.</span> <span class='ocrx_word' id='word_1_241' title='bbox 395 2329 460 2384; x_wconf 83' lang='lat'>9.)</span> <span class='ocrx_word' id='word_1_242' title='bbox 514 2331 578 2372; x_wconf 90' lang='lat' dir='ltr'>Ab</span> <span class='ocrx_word' id='word_1_243' title='bbox 598 2332 663 2373; x_wconf 90' lang='lat' dir='ltr'>his</span> <span class='ocrx_word' id='word_1_244' title='bbox 679 2331 709 2372; x_wconf 85' lang='lat' dir='ltr'><strong>fi</strong></span> <span class='ocrx_word' id='word_1_245' title='bbox 730 2332 936 2374; x_wconf 84' lang='lat' dir='ltr'>subtrahas</span> <span class='ocrx_word' id='word_1_246' title='bbox 957 2337 1054 2383; x_wconf 83' lang='lat'>800.</span> <span class='ocrx_word' id='word_1_247' title='bbox 1084 2347 1108 2374; x_wconf 89' lang='lat' dir='ltr'>a</span> <span class='ocrx_word' id='word_1_248' title='bbox 1127 2333 1364 2374; x_wconf 89' lang='lat' dir='ltr'>confluente</span> <span class='ocrx_word' id='word_1_249' title='bbox 1380 2331 1501 2373; x_wconf 83' lang='lat' dir='ltr'>Isarae</span> <span class='ocrx_word' id='word_1_250' title='bbox 1519 2331 1647 2385; x_wconf 87' lang='lat' dir='ltr'>usque</span> 
     </span>
     <span class='ocr_line' id='line_1_30' title="bbox 305 2401 1646 2459; baseline 0.001 -18"><span class='ocrx_word' id='word_1_251' title='bbox 305 2402 355 2442; x_wconf 85' lang='lat' dir='ltr'>ad</span> <span class='ocrx_word' id='word_1_252' title='bbox 375 2401 607 2444; x_wconf 86' lang='lat' dir='ltr'>adscensum</span> <span class='ocrx_word' id='word_1_253' title='bbox 628 2403 820 2459; x_wconf 85' lang='lat' dir='ltr'>Alpium,</span> <span class='ocrx_word' id='word_1_254' title='bbox 851 2409 1064 2446; x_wconf 81' lang='lat' dir='ltr'>remanent</span> <span class='ocrx_word' id='word_1_255' title='bbox 1085 2403 1181 2447; x_wconf 87' lang='lat'>600.</span> <span class='ocrx_word' id='word_1_256' title='bbox 1204 2403 1328 2446; x_wconf 80' lang='lat' dir='ltr'>stadia</span> <span class='ocrx_word' id='word_1_257' title='bbox 1351 2404 1533 2456; x_wconf 74' lang='lat' dir='ltr'>(Lxxv.</span> <span class='ocrx_word' id='word_1_258' title='bbox 1546 2401 1646 2444; x_wconf 88' lang='lat' dir='ltr'>mill.</span> 
     </span>
     <span class='ocr_line' id='line_1_31' title="bbox 301 2463 1646 2530; baseline 0.001 -18"><span class='ocrx_word' id='word_1_259' title='bbox 301 2471 419 2526; x_wconf 81' lang='lat' dir='ltr'>pass.)</span> <span class='ocrx_word' id='word_1_260' title='bbox 437 2488 459 2514; x_wconf 90' lang='lat' dir='ltr'>a</span> <span class='ocrx_word' id='word_1_261' title='bbox 478 2472 651 2528; x_wconf 69' lang='lat' dir='ltr'>trajeftu</span> <span class='ocrx_word' id='word_1_262' title='bbox 670 2463 856 2518; x_wconf 77' lang='lat' dir='ltr'>Rhodani</span> <span class='ocrx_word' id='word_1_263' title='bbox 876 2476 999 2530; x_wconf 87' lang='lat' dir='ltr'>usque</span> <span class='ocrx_word' id='word_1_264' title='bbox 1018 2477 1067 2518; x_wconf 87' lang='lat' dir='ltr'>ad</span> <span class='ocrx_word' id='word_1_265' title='bbox 1086 2475 1253 2524; x_wconf 82' lang='lat' dir='ltr'>Isaram3</span> <span class='ocrx_word' id='word_1_266' title='bbox 1283 2486 1405 2530; x_wconf 83' lang='lat' dir='ltr'>quam</span> <span class='ocrx_word' id='word_1_267' title='bbox 1426 2475 1646 2527; x_wconf 81' lang='lat' dir='ltr'>viamqua-</span> 
     </span>
     <span class='ocr_line' id='line_1_32' title="bbox 300 2536 1644 2602; baseline 0.002 -20"><span class='ocrx_word' id='word_1_268' title='bbox 300 2539 440 2584; x_wconf 81' lang='lat' dir='ltr'>triduo</span> <span class='ocrx_word' id='word_1_269' title='bbox 470 2546 679 2588; x_wconf 83' lang='lat' dir='ltr'>emensum</span> <span class='ocrx_word' id='word_1_270' title='bbox 707 2536 764 2589; x_wconf 82' lang='lat' dir='ltr'>est</span> <span class='ocrx_word' id='word_1_271' title='bbox 791 2561 962 2602; x_wconf 84' lang='lat' dir='ltr'>agmen,</span> <span class='ocrx_word' id='word_1_272' title='bbox 991 2547 1102 2602; x_wconf 83' lang='lat' dir='ltr'>(cap.</span> <span class='ocrx_word' id='word_1_273' title='bbox 1121 2558 1190 2601; x_wconf 79' lang='grc'>49,</span> <span class='ocrx_word' id='word_1_274' title='bbox 1215 2546 1271 2599; x_wconf 83' lang='lat'>5.)</span> <span class='ocrx_word' id='word_1_275' title='bbox 1290 2555 1339 2587; x_wconf 90' lang='lat' dir='ltr'>ut</span> <span class='ocrx_word' id='word_1_276' title='bbox 1358 2547 1402 2587; x_wconf 92' lang='lat' dir='ltr'>in</span> <span class='ocrx_word' id='word_1_277' title='bbox 1419 2559 1472 2587; x_wconf 91' lang='lat' dir='ltr'>eo</span> <span class='ocrx_word' id='word_1_278' title='bbox 1495 2545 1644 2586; x_wconf 87' lang='lat' dir='ltr'>itinere</span> 
     </span>
     <span class='ocr_line' id='line_1_33' title="bbox 298 2614 1640 2675; baseline 0.001 -20"><span class='ocrx_word' id='word_1_279' title='bbox 298 2614 387 2656; x_wconf 86' lang='lat' dir='ltr'>fere</span> <span class='ocrx_word' id='word_1_280' title='bbox 424 2630 519 2657; x_wconf 84' lang='lat' dir='ltr'>x1x</span> <span class='ocrx_word' id='word_1_281' title='bbox 551 2618 650 2659; x_wconf 74' lang='lat' dir='ltr'>mill.</span> <span class='ocrx_word' id='word_1_282' title='bbox 681 2618 776 2673; x_wconf 89' lang='lat' dir='ltr'>pass.</span> <span class='ocrx_word' id='word_1_283' title='bbox 804 2618 971 2675; x_wconf 85' lang='lat' dir='ltr'>fingulis</span> <span class='ocrx_word' id='word_1_284' title='bbox 1001 2620 1146 2661; x_wconf 89' lang='lat' dir='ltr'>diebus</span> <span class='ocrx_word' id='word_1_285' title='bbox 1178 2618 1418 2659; x_wconf 81' lang='lat' dir='ltr'>confecerit.</span> <span class='ocrx_word' id='word_1_286' title='bbox 1470 2616 1640 2670; x_wconf 80' lang='lat' dir='ltr'>Nempe</span> 
     </span>
     <span class='ocr_line' id='line_1_34' title="bbox 296 2687 1642 2741; baseline 0.001 -15"><span class='ocrx_word' id='word_1_287' title='bbox 296 2698 376 2727; x_wconf 87' lang='lat' dir='ltr'>nec</span> <span class='ocrx_word' id='word_1_288' title='bbox 408 2687 465 2728; x_wconf 87' lang='lat' dir='ltr'>ita</span> <span class='ocrx_word' id='word_1_289' title='bbox 496 2688 671 2730; x_wconf 84' lang='lat' dir='ltr'>difficilis</span> <span class='ocrx_word' id='word_1_290' title='bbox 701 2690 768 2730; x_wconf 65' lang='lat' dir='ltr'>ilh</span> <span class='ocrx_word' id='word_1_291' title='bbox 798 2692 861 2731; x_wconf 83' lang='lat' dir='ltr'>via</span> <span class='ocrx_word' id='word_1_292' title='bbox 887 2691 1040 2741; x_wconf 84' lang='lat' dir='ltr'>suerat,</span> <span class='ocrx_word' id='word_1_293' title='bbox 1082 2689 1126 2732; x_wconf 90' lang='lat'>&amp;</span> <span class='ocrx_word' id='word_1_294' title='bbox 1145 2696 1243 2732; x_wconf 88' lang='lat' dir='ltr'>tunc</span> <span class='ocrx_word' id='word_1_295' title='bbox 1265 2695 1543 2731; x_wconf 86' lang='lat' dir='ltr'>maturaverat</span> <span class='ocrx_word' id='word_1_296' title='bbox 1560 2689 1642 2729; x_wconf 86' lang='lat' dir='ltr'>1ter</span> 
     </span>
     <span class='ocr_line' id='line_1_35' title="bbox 293 2756 1638 2822; baseline 0.001 -24"><span class='ocrx_word' id='word_1_297' title='bbox 293 2756 471 2800; x_wconf 87' lang='lat' dir='ltr'>Hannib</span> <span class='ocrx_word' id='word_1_298' title='bbox 471 2759 521 2808; x_wconf 89' lang='lat' dir='ltr'>l,</span> <span class='ocrx_word' id='word_1_299' title='bbox 551 2774 602 2800; x_wconf 91' lang='lat' dir='ltr'>ne</span> <span class='ocrx_word' id='word_1_300' title='bbox 626 2761 799 2802; x_wconf 82' lang='lat' dir='ltr'>Romani</span> <span class='ocrx_word' id='word_1_301' title='bbox 823 2775 919 2803; x_wconf 86' lang='lat' dir='ltr'>eum</span> <span class='ocrx_word' id='word_1_302' title='bbox 942 2762 1304 2822; x_wconf 83' lang='lat' dir='ltr'>consequerentur.</span> <span class='ocrx_word' id='word_1_303' title='bbox 1334 2783 1386 2794; x_wconf 92' lang='lat'><em>—</em></span> <span class='ocrx_word' id='word_1_304' title='bbox 1447 2759 1527 2802; x_wconf 89' lang='lat' dir='ltr'>Sed</span> <span class='ocrx_word' id='word_1_305' title='bbox 1549 2758 1638 2813; x_wconf 80' lang='lat' dir='ltr'>jam</span> 
     </span>
     <span class='ocr_line' id='line_1_36' title="bbox 291 2829 1636 2888; baseline 0.004 -20.011"><span class='ocrx_word' id='word_1_306' title='bbox 291 2830 429 2879; x_wconf 86' lang='lat' dir='ltr'>video,</span> <span class='ocrx_word' id='word_1_307' title='bbox 459 2833 607 2872; x_wconf 83' lang='lat' dir='ltr'>eodem</span> <span class='ocrx_word' id='word_1_308' title='bbox 627 2833 737 2882; x_wconf 75' lang='lat' dir='ltr'>lom,</span> <span class='ocrx_word' id='word_1_309' title='bbox 768 2846 892 2887; x_wconf 88' lang='lat' dir='ltr'>quem</span> <span class='ocrx_word' id='word_1_310' title='bbox 914 2834 1039 2873; x_wconf 81' lang='lat' dir='ltr'>modo</span> <span class='ocrx_word' id='word_1_311' title='bbox 1064 2833 1199 2882; x_wconf 85' lang='lat' dir='ltr'>citavi,</span> <span class='ocrx_word' id='word_1_312' title='bbox 1218 2836 1329 2887; x_wconf 80' lang='lat' dir='ltr'>(cap</span> <span class='ocrx_word' id='word_1_313' title='bbox 1347 2842 1412 2886; x_wconf 83' lang='lat'>39,</span> <span class='ocrx_word' id='word_1_314' title='bbox 1425 2829 1486 2888; x_wconf 87' lang='lat'>9.)</span> <span class='ocrx_word' id='word_1_315' title='bbox 1506 2830 1636 2885; x_wconf 84' lang='lat' dir='ltr'>ipsum</span> 
     </span>
    </p>
   </div>
   <div class='ocr_carea' id='block_1_3' title="bbox 291 2898 1635 3015">
    <p class='ocr_par' dir='ltr' id='par_1_5' title="bbox 291 2898 1635 3015">
     <span class='ocr_line' id='line_1_37' title="bbox 291 2898 1635 2969; baseline -0.005 -21"><span class='ocrx_word' id='word_1_316' title='bbox 291 2898 514 2969; x_wconf 56' lang='lat' dir='ltr'>Polybium</span> <span class='ocrx_word' id='word_1_317' title='bbox 542 2903 687 2947; x_wconf 83' lang='lat' dir='ltr'>diserte</span> <span class='ocrx_word' id='word_1_318' title='bbox 718 2905 857 2949; x_wconf 86' lang='lat' dir='ltr'>dicere</span> <span class='ocrx_word' id='word_1_319' title='bbox 889 2905 1041 2958; x_wconf 80' lang='lat' dir='ltr'>videri,</span> <span class='ocrx_word' id='word_1_320' title='bbox 1074 2904 1152 2946; x_wconf 75' lang='lat' dir='ltr'>non</span> <span class='ocrx_word' id='word_1_321' title='bbox 1180 2901 1370 2961; x_wconf 70' lang='lat' dir='ltr'>disteffiffe</span> <span class='ocrx_word' id='word_1_322' title='bbox 1391 2915 1419 2946; x_wconf 87' lang='lat' dir='ltr'>a</span> <span class='ocrx_word' id='word_1_323' title='bbox 1441 2900 1635 2945; x_wconf 79' lang='lat' dir='ltr'>Rhodano</span> 
     </span>
     <span class='ocr_line' id='line_1_38' title="bbox 1475 2972 1631 3015; baseline -0.006 0"><span class='ocrx_word' id='word_1_324' title='bbox 1475 2972 1631 3015; x_wconf 77' lang='lat' dir='ltr'>Hanni-</span> 
     </span>
    </p>
   </div>
   <div class='ocr_carea' id='block_1_4' title="bbox 134 363 312 383">
    <p class='ocr_par' dir='ltr' id='par_1_6' title="bbox 134 363 312 383">
     <span class='ocr_line' id='line_1_39' title="bbox 134 363 312 383; baseline -0.011 0"><span class='ocrx_word' id='word_1_325' title='bbox 134 363 312 383; x_wconf 45' lang='grc' dir='ltr'><strong>μ</strong></span> 
     </span>
    </p>
   </div>
   <div class='ocr_carea' id='block_1_5' title="bbox 202 387 312 394">
    <p class='ocr_par' dir='ltr' id='par_1_7' title="bbox 202 387 312 394">
     <span class='ocr_line' id='line_1_40' title="bbox 202 387 312 394; baseline 0 2770"><span class='ocrx_word' id='word_1_326' title='bbox 202 387 312 394; x_wconf 95' lang='lat' dir='ltr'> </span> 
     </span>
    </p>
   </div>
  </div>
 </body>
</html>
