1742 3190
92 247 268 286 fian——

91 285 265 294 m--w

113 318 209 356 Vers.
225 331 261 365 4.

133 1073 228 1116 Vers.
250 1088 281 1124 5.

295 190 376 234 132
711 184 1208 226 ADNOTATIONES

295 293 358 336 isti
377 291 608 336 difficultati
626 307 732 350 opus
753 293 831 336 esse
853 294 983 336 visum
1004 294 1061 336 est
1082 305 1370 344 ῡκοΝονῑο,
1400 286 1469 350 qui
1487 292 1528 336 in
1548 294 1633 337 Ad-

297 365 578 407 notationibus
598 365 879 421 manuscriptis
899 366 948 407 ad
959 365 1035 406 h.l.
1049 366 1125 408 ait:
1157 364 1300 415 „Clara
1316 367 1454 407 omnia
1470 365 1634 408 suiss‘ent

300 434 559 487 casaubono,
586 435 616 477 fi
641 435 871 478 attendisset
899 437 949 477 ad
976 436 1209 490 Polybium.
1268 434 1341 478 Est
1365 437 1473 478 enim
1497 432 1542 478 ἓν
1567 422 1634 478 Bae?

302 506 423 549 δυοῖν.
455 501 556 561 πρός
580 523 628 549 τε
650 501 965 554 τοίςεὲνατολοίς
984 502 1054 561 καί
1068 501 1154 558 τρὶς
1177 501 1365 560 ἄρκτους,
1395 508 1434 548 id
1452 508 1521 559 est,
1549 522 1637 550 ver-

294 574 372 633 sus
391 578 580 619 orientem
601 576 808 620 hibernum
828 578 895 621 vel
901 573 1264 632 septentrionalem.
1323 578 1500 619 Maxima
1529 580 1640 620 enim

303 648 414 692 Latii
430 662 526 703 pars
545 649 594 691 ab
613 650 773 690 oriente
793 649 908 691 videt
925 646 1210 704 Campaniam3
1240 657 1281 689 at
1301 649 1411 689 circa
1437 650 1643 694 orientem

308 719 678 769 hibernumscirca
695 720 912 769 Hernicos,
938 719 1061 761 habet
1077 719 1307 773 adjacentes
1325 717 1567 762 Samnitas.“
1584 740 1644 753 -

311 788 521 840 Ceterum,
553 791 663 846 quod
680 791 722 833 in
742 791 839 832 edit.
858 803 890 832 ι.
906 788 950 832 &
970 801 1007 831 2.
1027 792 1242 837 Σαννίτοιις
1261 789 1457 840 scribitur,
1483 788 1528 832 δι
1545 803 1645 835 mox

312 860 448 904 rursus
467 864 683 911 Σαννίταις,
710 875 785 917 pro
805 865 1024 907 Σαυνίταις
1046 859 1089 902 &
1109 864 1325 910 Σαυνίτας,
1354 861 1397 902 id
1414 861 1480 903 vel
1505 875 1646 918 opera.

314 944 420 981 rum,
441 933 507 974 vel
525 931 647 987 ipfius
663 933 786 988 primi
804 933 974 975 editoris
993 946 1133 974 errore
1153 931 1211 974 est
1226 916 1397 973 faetum}
1424 932 1650 989 inprobam

313 1001 555 1058 scripturam
578 1003 838 1045 consentiunt
860 1010 1023 1045 veteres
1042 1003 1134 1045 libri
1153 1015 1314 1045 omnes.

404 1071 519 1128 Vers.
542 1082 578 1127 ς.
611 1071 673 1131 τῷ
704 1070 908 1130 πρότερον
939 1072 1025 1116 ἔτει
1046 1071 1124 1128 τῆς
1156 1071 1239 1116 τῶν
1259 1071 1462 1116 Γαλατῶν
1482 1070 1649 1127 ἐφόδου)

316 1142 400 1186 scil.
424 1141 479 1192 εἷς
509 1141 584 1200 τήν
613 1142 814 1196 Ἐλοίδα,
847 1157 961 1204 ‘nanno
987 1146 1106 1200 prius
1137 1157 1258 1201 quam
1288 1144 1398 1186 Galli
1421 1145 1656 1188 invaderent

317 1213 539 1259 Groeciam.'
591 1217 754 1272 Nempe
781 1203 984 1272 quamque
1013 1230 1102 1258 rem
1117 1231 1139 1258 a
1155 1217 1349 1258 Romanis
1375 1216 1530 1271 gestam
1556 1219 1654 1260 con-

313 1286 493 1342 jungere
519 1286 655 1330 studet
680 1287 879 1343 Polybius
911 1301 1007 1329 cum
1032 1300 1078 1329 re
1105 1288 1211 1342 apud
1237 1285 1412 1329 Graecos
1438 1300 1513 1342 per
1543 1289 1655 1331 idem

320 1357 409 1400 fere
429 1365 591 1414 tempus
619 1359 753 1414 gesta,
783 1371 876 1414 quae
903 1365 1003 1401 nota
1029 1357 1128 1400 effet
1153 1355 1384 1400 leaoribus
1449 1357 1657 1408 Quemad-

321 1430 495 1471 modum
511 1444 610 1473 vero
630 1427 916 1484 trajefflonem
933 1429 1081 1485 Pyrrhi
1109 1430 1151 1471 in
1177 1429 1338 1472 Italiam
1358 1425 1402 1471 h.
1420 1428 1448 1471 l.
1473 1430 1592 1485 ponit
1616 1430 1661 1472 in

321 1513 475 1543 annum
494 1514 610 1551 eum,
640 1500 715 1555 qui'
730 1500 919 1556 proxime
938 1499 1142 1556 praeceflit
1159 1501 1428 1555 irruptionem
1446 1499 1661 1544 Gallorum

320 1570 366 1611 in
387 1569 615 1621 Graeciam3
642 1570 696 1614 fic
715 1572 785 1613 lib.
804 1570 858 1614 Π.
880 1585 917 1614 c.
938 1583 1005 1623 20,
1023 1572 1063 1614 6.
1082 1572 1269 1614 eamdem
1286 1569 1570 1626 trajefflonem
1587 1586 1661 1627 po-

316 1641 387 1683 ·'nit
404 1643 446 1683 in
466 1643 634 1685 tertium
654 1657 804 1685 annum
825 1648 918 1685 ante
939 1642 1097 1685 cladem
1116 1642 1357 1684 eorumdem
1378 1639 1591 1684 Gallorum
1611 1644 1662 1686 ad

322 1710 526 1768 Delphos.
583 1712 751 1756 Cladem
774 1713 886 1755 illam
913 1713 1146 1763 PausaniaS,
1172 1714 1216 1756 in
1243 1713 1456 1764 Phocicis‚
1485 1727 1574 1770 cap.
1592 1725 1661 1767 23.

325 1782 515 1826 accidiffe
542 1785 599 1826 ait
626 1798 734 1826 anno
754 1795 792 1826 2.
819 1783 990 1839 Olymp.
1009 1796 1169 1827 cxxv.
1199 1785 1270 1839 qui
1293 1784 1438 1827 incidit
1461 1786 1503 1826 in
1528 1784 1584 1827 A.
1604 1783 1662 1829 V.

320 1852 424 1907 276.
455 1853 523 1896 Sic
542 1853 728 1912 trajeffio
749 1853 897 1910 Pyrrhi
915 1855 958 1896 in
978 1854 1136 1897 Italiam
1156 1857 1344 1911 ponenda
1365 1856 1408 1897 in
1426 1855 1480 1897 A.
1491 1855 1546 1899 V.
1565 1867 1663 1911 474.

324 1922 375 1966 P.
394 1922 577 1976 Valerio,
605 1924 677 1969 Ti.
690 1926 952 1968 Coruncanio
969 1924 1076 1968 Coff.
1098 1928 1146 1969 ad
1164 1939 1269 1981 quos
1289 1926 1453 1969 eosdem
1468 1925 1666 1970 Consules

323 1990 500 2049 Pighius
519 1997 561 2038 in
580 1996 731 2039 Annal.
749 1998 969 2040 Romanor.
986 1996 1032 2039 &
1049 1997 1257 2039 Simsonus
1275 1998 1317 2039 in
1334 1996 1542 2040 Chronico
1560 1997 1666 2043 Vni.

248 2069 252 2072 ’
323 2065 484 2117 ¹versali,
515 2067 724 2110 Romanos
745 2068 963 2123 scriptores
981 2068 1131 2119 secuti,
1162 2082 1254 2110 eam
1269 2083 1358 2111 rem
1373 2069 1609 2124 posuerunt.

385 2136 507 2180 Ibid.-
521 2136 604 2180 τῶν
625 2154 673 2180 τε
696 2137 800 2194 »περὶ
819 2134 1016 2192 Δελφοός
1046 2139 1302 2195 φθαρέντων
1323 2135 1394 2194 καί
1412 2139 1668 2196 περαιωθέν-

328 2220 414 2251 των
436 2205 491 2256 εἰς
513 2204 590 2264 τήν
609 2206 763 2253 Ἀσίαν.
821 2210 888 2253 Ad
928 2210 1001 2252 ista
1037 2211 1161 2254 verba
1200 2223 1449 2254 musmvs
1481 2213 1669 2254 monuit:

328 2279 485 2331 ·„F0rte
504 2276 577 2335 noes*
598 2295 622 2323 τ
634 2278 666 2322 ὦ
677 2294 698 2322 ν
719 2279 1052 2336 περαιωθέντων.
1099 2279 1265 2323 Galatas
1282 2282 1348 2325 vel
1368 2280 1519 2332 Celtas,
1539 2282 1608 2332 ait,
1625 2282 1669 2323 in

333 2348 543 2392 Graeciam
560 2350 605 2394 &
624 2350 778 2394 trafius
797 2353 837 2393 ei
855 2351 1056 2394 finitimos
1083 2351 1289 2408 irrupisse:
1320 2364 1496 2408 quorum
1517 2353 1668 2408 duplex

327 2433 468 2476 genus
488 2422 581 2473 fuit,
611 2423 726 2473 alios,
753 2423 824 2478 qui
843 2423 893 2464 ad
910 2422 1095 2477 Delphos
1113 2424 1347 2478 perierunt,
1376 2423 1501 2474 alios,
1527 2423 1598 2478 qui
1616 2437 1669 2464 ex

331 2491 500 2547 Europa
526 2493 571 2535 in
595 2491 734 2537 Afiam
758 2493 1008 2549 trajecerunt
1035 2493 1300 2549 Bosporum.“
1320 2516 1376 2525 -
1419 2494 1485 2536 Ac
1506 2494 1670 2536 videtur

331 2564 557 2618 repetitum
594 2556 814 2607 articulum
851 2565 983 2619 graeci
1026 2563 1224 2606 sermonis
1262 2565 1422 2606 indoles
1469 2565 1670 2620 flagitare.

331 2632 398 2675 De
418 2649 463 2676 re
482 2636 600 2677 conf.⁴
613 2637 774 2678 Livium
793 2633 1042 2678 XXXVIII.
1066 2634 1129 2678 16.
1168 2635 1314 2690 Polyb.
1331 2634 1409 2678 IV.
1429 2647 1480 2689 45
1501 2644 1607 2678 extr.
1628 2635 1674 2679 δε

331 2705 478 2760 ἷθφόζ
497 2706 661 2749 Pausan.
676 2707 704 2748 1.
724 2720 762 2748 c.
782 2705 838 2748 X.
863 2716 912 2759 23
933 2715 1038 2748 extr.
1063 2707 1134 2748 ubi
1159 2713 1295 2748 tamen
1313 2707 1446 2749 oratio
1469 2721 1553 2750 non
1578 2707 1673 2750 satis
1740 2712 1742 2715 ’

330 2775 495 2833 integra
515 2777 595 2822 efl'e
618 2779 794 2821 videtur.
840 2777 984 2821 Taceo
1003 2777 1107 2820 alios
1132 2777 1367 2833 scriptores.

1560 2846 1609 2890 V
1602 2843 1677 2902 ers.
