1664 3210
516 214 1122 271 *EDITOR1s.‘
1435 238 1534 275 xm

83 374 89 380 ·
129 344 373 403 (Eudone,
403 341 476 405 &3
506 343 639 394 ficubi
667 350 707 395 ei
735 343 976 404 videretur,
1016 342 1154 412 poffet
1172 363 1225 393 ex
1241 345 1422 395 aliarum
1450 351 1532 399 Le

129 414 334 467 &ionum
372 416 443 464 vel
479 417 831 478 conjecturarum
858 421 983 482 copia
1016 414 1196 482 seligere
1231 415 1416 464 meliora
1448 422 1529 478 eia,

127 502 229 556 quae
259 485 385 534 nobis
411 484 684 552 placuerant,
728 499 802 535 aut
827 484 1100 534 occafionem
1129 482 1432 545 indefortasse
1460 505 1530 535 ca.

102 592 109 597 -
129 572 238 624 pere
256 558 462 604 certiores
481 555 851 621 probabilioresve
870 554 1197 603 emendationes
1227 573 1282 603 ex
1310 553 1389 604 suo
1409 561 1531 622 inge.

130 628 210 673 nio
228 638 358 692 atque
377 622 579 673 doctriua
597 622 789 674 tentandi
812 629 857 674 ὅ(
878 629 923 673 in
944 622 1071 672 usum
1090 622 1381 673 studiosorum
1401 626 1531 687 Poly.

131 693 192 743 bii
210 695 448 744 Lediorum
471 692 766 761 proponendi.
833 692 1000 760 Qodst
1020 711 1127 742 vero
1154 696 1198 742 in
1214 692 1432 744 Codicum
1452 696 1535 745 Le·

131 764 353 814 &cnihte
367 778 535 812 notatas
554 768 684 812 etiam
710 763 820 812 bene
850 764 1006 812 multas
1035 762 1329 831 deprehendet
1355 767 1533 825 Ledior,

130 848 230 900 φιτ
273 829 500 882 manifesta
546 831 644 882 sunt
677 834 957 883 librariorum
993 831 1256 901 sphalmata,
1309 836 1530 900 cogitabit,

130 897 273 969 ipsam
299 907 572 952 notationem
602 918 760 952 eorum
790 920 1023 962 errorum,
1063 921 1173 970 quos
1201 922 1344 953 errare
1365 905 1532 953 librarii

131 970 268 1022 nostri
296 969 640 1031 consueverunt,
678 971 795 1022 haud
814 991 915 1022 raro
936 978 981 1022 ὅ(
1002 974 1127 1022 nobis
1148 978 1192 1021 ὃ(
1213 991 1310 1023 ante
1332 992 1414 1023 nos
1434 974 1530 1023 aliia

130 1038 275 1091 doffls
299 1045 440 1099 Viris,
473 1040 621 1092 ansam
643 1039 803 1092 dediffe
821 1047 1024 1110 viamque
1051 1042 1259 1110 aperuiffc
1280 1042 1334 1092 ad
1363 1058 1531 1093 cenam

132 1108 380 1170 medelam,
415 1126 489 1161 aut
517 1111 761 1161 admodum
781 1114 1052 1179 probabilem
1073 1115 1181 1162 locis
1202 1113 1531 1181 corruptissimis

131 1184 184 1232 &
199 1199 324 1248 paene
341 1178 575 1249 desperatis
594 1181 916 1232 inveniendam.
965 1186 1136 1250 Itaque,
1165 1201 1259 1249 quo
1275 1189 1384 1232 ratio
1405 1183 1532 1234 reddi

130 1246 275 1319 poss'et
289 1250 671 1309 emendationum,
711 1253 818 1301 locis
837 1249 1050 1316 ejusmodi
1063 1252 1348 1302 adhibitarum
1364 1292 1376 1312 ‚
1405 1270 1532 1303 erant

131 1318 294 1371 fimiles
312 1321 618 1382 siheri-atiena,
641 1342 667 1370 a
686 1322 868 1371 librariis
887 1323 1044 1371 nostris
1064 1323 1162 1371 alibi
1186 1321 1441 1382 commissae,
1466 1328 1532 1372 in-

131 1386 350 1440 dicandae:
377 1406 475 1441 tum
495 1410 602 1441 vero
621 1411 674 1442 ex
690 1390 844 1440 eadem
873 1397 1098 1442 notatione
1126 1393 1233 1442 alios
1260 1394 1440 1460 posthac
1469 1398 1533 1442 vi-

130 1476 233 1518 tos,
263 1458 465 1511 dodirina
487 1466 533 1511 ὅ(
553 1466 731 1529 ingenio
752 1462 964 1518 valentes,
992 1467 1219 1511 materiam
1241 1462 1534 1512 occafionem.

132 1547 220 1598 que
245 1548 400 1598 capere
429 1529 634 1598 posse-ad
665 1533 745 1579 alia
774 1535 1004 1599 Scriptoris
1036 1536 1160 1596 hujus
1190 1533 1309 1592 loca,
1344 1530 1398 1580 de
1423 1549 1534 1600 quo.

130 1617 236 1649 rum
265 1606 548 1668 corruptione
577 1619 659 1650 nos
690 1621 746 1652 ne
772 1607 1058 1668 cogitavimus
1085 1601 1289 1669 quidam,
1328 1617 1401 1651 aut
1423 1619 1533 1670 quo.

131 1686 236 1719 rum
261 1669 503 1719 commoda
525 1669 774 1721 emendatio
794 1672 919 1720 nobis
941 1690 1034 1720 non
1052 1687 1229 1721 venerat
1246 1677 1292 1721 in
1315 1689 1531 1733 mentem,

130 1734 181 1788 In
198 1743 419 1807 integrum
442 1739 711 1790 restituenda.
829 1740 927 1800 uid,
956 1740 1076 1808 quod
1097 1740 1207 1809 saepe
1227 1747 1359 1791 etiam
1378 1761 1531 1810 opera,-

131 1825 236 1858 rum
254 1827 426 1859 errores
447 1809 682 1870 adnotare,
715 1815 762 1860 in
782 1814 819 1859 E
853 1812 1054 1860 itionibus
1074 1812 1242 1875 Polybii
1262 1810 1534 1870 commissos,

129 1884 329 1946 quamvis
348 1883 514 1947 ingrata
533 1898 668 1948 opera
687 1899 737 1928 ac
755 1879 868 1929 taedii
886 1882 1040 1948 plena,
1077 1895 1226 1930 tamen
1253 1900 1334 1930 nec
1356 1879 1443 1947 ipsa
1464 1879 1532 1931 su-

130 1966 396 2015 pervacanea
435 1968 518 1999 nec
558 1950 721 2000 inutilis
757 1949 903 1999 debuit
940 1950 1077 1999 videri
1088 1970 1103 2010 3
1148 1971 1205 2000 ne
1236 1956 1331 2018 quis
1357 1950 1531 2012 scilicet,

130 2014 344 2081 ejusmodi
365 2037 535 2069 errores
553 2020 647 2088 (qui
667 2038 746 2087 per
765 2021 909 2088 plures
930 2019 1148 2069 interdum
1168 2019 1379 2070 editiones
1391 2059 1404 2082 ‚
1433 2040 1533 2089 par-

129 2090 211 2136 tim
232 2092 363 2137 etiam
383 2107 462 2156 per
485 2108 640 2139 omnes
666 2106 788 2140 erant
806 2095 1083 2157 propagati‚)
1110 2109 1164 2138 ex
1193 2089 1411 2139 codicibus
1437 2109 1531 2139 ma.

129 2154 356 2227 nuscriptis
375 2158 698 2227 repraesematos
720 2160 989 2216 existimans,
1018 2165 1066 2208 ὅ(
1093 2179 1203 2208 vera:
1232 2161 1431 2209 lectionis
1455 2180 1526 2210 ves

87 2284 92 2290 Ι
126 2226 249 2292 ssigia
267 2226 465 2295 quaedam
484 2234 529 2278 in
547 2231 630 2278 illis
647 2246 825 2277 cernere
843 2228 919 2278 fibi
939 2226 1066 2288 visus,
1092 2229 1236 2278 alieno
1258 2231 1360 2278 loco
1381 2249 1529 2280 emen-

126 2293 325 2346 dationes
359 2316 415 2346 ex
456 2302 705 2363 conjecffura
731 2314 941 2358 tentaret,
992 2318 1016 2346 a
1053 2305 1229 2348 veritate
1269 2301 1527 2350 aberrantes.

126 2369 238 2435 Qae
262 2385 330 2416 res
348 2365 526 2434 saepius,
560 2387 692 2436 quam
714 2367 938 2427 crederes,
976 2365 1118 2435 ipsum
1149 2373 1279 2418 etiam
1309 2367 1526 2418 Casaubo⁴

115 2451 239 2489 num
256 2441 302 2485 in
321 2434 447 2485 devia
465 2435 674 2505 abripuit'3
706 2444 779 2505 qui
799 2438 1041 2506 permultos
1060 2435 1526 2512 editioniskssafileenfis

125 2521 299 2555 errores
316 2526 368 2556 ex
386 2510 633 2571 conjectura
662 2527 818 2574 parum
846 2507 963 2556 felici
994 2513 1216 2574 corrigere
1243 2523 1421 2556 conatus
1450 2509 1526 2567 est,

125 2590 261 2641 quos,
297 2573 331 2623 st
362 2578 662 2643 Hageno'e'nsss
699 2577 900 2626 editionis
937 2574 1212 2626 consuluiffet
1247 2578 1527 2644 exemplum*

126 2643 424 2693 intelledurus
451 2662 542 2696 erat
573 2664 724 2696 meros
754 2645 839 2696 effe
873 2664 1108 2712 operarum
1141 2647 1327 2695 officinae
1359 2652 1526 2695 Hcrva-

126 2716 264 2778 gianae
293 2732 490 2772 errores,
532 2732 723 2784 quorum
754 2716 1006 2765 emendatio
1028 2735 1081 2764 ex
1103 2713 1311 2782 superiori
1334 2715 1527 2765 editione

125 2779 243 2832 nude
265 2799 355 2832 erat
380 2785 582 2852 petenda.
650 2785 905 2853 Eademque
925 2803 993 2835 rea
1014 2783 1316 2854 saepenumero
1339 2783 1527 2902 R}iskio

1406 2870 1525 2904 uerat
