1742 3190
106 281 282 316 ,ΕΞ-,ΕΞ

125 454 218 495 vers.
239 461 272 498 8.

306 207 391 240 210
544 184 548 197 ’
725 204 1224 238 Λοκοτλτιοκεε

306 311 414 354 bene
439 306 594 360 multa,
618 308 752 364 magis
773 320 824 350 ex
846 307 1017 365 ingenio
1045 307 1410 360 commentatorIS,
1445 307 1570 365 quam
1593 320 1650 360 ex

307 381 471 438 Polybii
489 380 781 435 descriptione,
812 379 1070 421 delineatam.

392 449 507 508 Vers
532 455 573 502 8.
612 449 716 493 ποτὲ
743 449 785 491 δὲ
817 446 1188 506 οἶντιπεριοῖγοντες
1225 445 1342 492 notro?
1373 444 1453 499 τοὶς
1481 452 1529 494 ἐκ
1560 464 1647 493 των

310 525 506 576 πλαγίων
541 515 890 578 προσπιπτούσας
926 516 1128 576 ἐμβολάς.
1185 520 1438 565 Difficultate
1464 535 1548 565 non
1581 537 1645 564 oa

307 604 372 640 ret
395 597 534 646 locus,
571 606 666 635 cum
697 593 750 635 ob
786 593 1041 635 insolentiam
1074 591 1189 634 verbi
1215 588 1649 648 α’ντιτιριοῖγει-ν,

306 675 397 711 tum
415 667 527 722 quod
543 662 779 721 praepofido
797 679 822 707 κ
834 676 898 706 σιτ
910 659 942 705 οἱ
961 663 1070 706 abest
1086 678 1109 706 a
1129 651 1340 706 veteribus
1358 663 1496 715 libris,
1525 668 1655 720 quani.

307 743 393 782 non
412 735 485 779 nifi
513 748 565 778 ex
576 736 808 791 junioribus
837 736 1051 778 codicibus
1077 735 1181 790 Reg.
1204 734 1248 777 B.
1267 734 1313 776 C.
1341 736 1553 791 adoptavit
1575 734 1650 778 Ca-

308 809 524 852 saubonus.
581 806 794 849 Sententia
809 807 902 849 haec
923 807 1088 849 videtur
1106 805 1211 848 ess'e:
1240 819 1366 861 quum
1385 807 1504 849 navis
1526 806 1649 849 hosti-

306 881 359 924 lis
380 881 423 921 in
440 892 491 920 eo
511 876 631 929 efl'et,
664 884 712 921 ut
729 877 858 921 rostro
881 877 1050 920 inlatus
1077 878 1275 920 Romanae
1301 878 1419 919 navis
1445 879 1649 933 impetum

309 951 492 1000 faceret,
528 949 703 992 Romani
729 950 879 992 leviter
899 947 1155 992 'circumasta
1181 949 1274 991 navi
1301 947 1556 1005 efficiebant,
1587 955 1650 999 ut,

307 1010 513 1064 declinato
532 1017 639 1072 ifto,
666 1021 781 1063 navis
800 1035 950 1063 navem
968 1035 990 1063 a
1007 1021 1137 1063 latere
1154 1021 1344 1076 proxime
1371 1020 1649 1076 praetervehm

308 1101 445 1135 retur:
475 1099 566 1134 tum
586 1105 708 1142 vero,
743 1092 849 1134 inter
878 1093 1236 1148 praetereundum,
1265 1093 1365 1134 dum
1388 1082 1648 1147 implicaban-

308 1171 377 1207 tur
398 1164 467 1205 vel
493 1163 813 1218 detergebantur
836 1165 964 1214 remi,
1002 1176 1177 1206 corvum
1203 1163 1322 1214 lateri
1347 1164 1466 1205 navis
1492 1163 1649 1206 hostilis

272 1289 277 1293 ῃ
308 1235 545 1291 injiciebant
569 1234 753 1277 Romani.
809 1233 992 1277 Rarioris
1025 1235 1142 1277 verbi
1175 1230 1484 1290 οἷντιπεριοῖγειν
1511 1247 1649 1276 exem-

98 2737 193 2776 szl'.
212 2748 270 2777 ιο.

310 1307 426 1363 plum
447 1305 536 1361 post
553 1305 752 1348 Budaeum
773 1306 919 1348 citavit
945 1306 1074 1348 Henr.
1099 1305 1332 1362 Stephanus
1359 1307 1402 1347 in
1426 1304 1650 1354 Thesauro,

310 1392 364 1419 ex
384 1376 555 1432 Synefio
566 1408 577 1427 ,
614 1377 684 1419 ubi
701 1378 743 1419 in
759 1374 956 1431 diversum
973 1378 1245 1432 circumagere
1263 1377 1496 1432 exponitur,
1554 1376 1650 1419 Hoc

310 1450 408 1493 loco
428 1463 478 1490 ex
497 1450 669 1491 notione
688 1448 896 1504 utriusque
916 1446 1232 1504 praepofitionis,
1264 1447 1361 1505 περὶ
1379 1447 1424 1491 &
1442 1444 1552 1498 duri,
1581 1444 1652 1499 du,-

310 1516 566 1575 τιπεριοὶγειν
599 1520 916 1575 intelligendum
945 1521 1072 1563 fuerit
1102 1521 1372 1576 circumagere
1401 1531 1541 1561 navem
1575 1519 1651 1571 ita,

309 1598 357 1635 ut
375 1590 472 1649 lzosti
488 1588 651 1646 obversa
656 1591 696 1646 s
683 1597 734 1641 t
766 1605 887 1648 quum
907 1594 1027 1647 prius
1051 1591 1184 1634 latera
1211 1592 1247 1633 ei
1267 1587 1498 1647 patuiſjent.
1557 1589 1650 1632 Nec

305 1677 413 1705 vero
432 1661 708 1705 diffimulanda
726 1664 783 1705 est
800 1676 996 1704 Rmsxn
1018 1664 1068 1705 ad
1086 1664 1279 1707 eumdem
1294 1663 1405 1706 hunc
1424 1662 1561 1703 locum
1581 1662 1647 1703 ad-

310 1735 497 1780 notatio:
546 1734 699 1784 „Forte
719 1735 815 1788 (ait>
836 1729 1218 1790 ἀντιπαρᾰγοντες,
1256 1738 1391 1776 euntes
1408 1745 1435 1775 a
1453 1734 1578 1774 latere
1596 1730 1648 1775 θ’

309 1818 332 1848 e
350 1806 511 1860 regione
527 1806 691 1847 navium
709 1805 975 1847 inimicarum.
1034 1804 1079 1847 Si
1105 1799 1471 1860 οἶντιπεριαὲγοντες
1494 1805 1563 1847 hic
1587 1804 1646 1845 lo-
1666 1840 1669 1843 Α

311 1889 410 1918 cum
431 1876 624 1927 haberet,
647 1890 732 1918 non
750 1876 881 1932 pofi'et
898 1877 1010 1932 sequi
1032 1872 1148 1920 κατ-α’
1168 1872 1247 1924 τοίς
1267 1879 1315 1920 ἐκ
1335 1875 1419 1918 τῶν
1442 1876 1650 1926 πλαγίων,

307 1947 377 1990 sed
398 1943 512 1989 κοντοὶ
529 1942 607 1995 τοῖς
626 1944 828 2002 πρύμνας.
884 1949 992 1991 Nam
1018 1945 1324 2004 οἶντιπερισίγειν
1352 1947 1410 1990 est
1433 1948 1569 1989 navim
1594 1943 1649 1988 ab

307 2030 356 2060 ea
366 2025 490 2074 parte
506 2020 623 2061 navis
640 2020 829 2072 inimicae,
856 2020 897 2062 in
915 2032 1037 2077 quam
1052 2021 1248 2076 primitus
1275 2019 1470 2069 incurrit,
1497 2017 1649 2075 abstra-

306 2088 413 2132 Ham
432 2091 723 2146 circumagere,
750 2089 802 2134 δέ
819 2092 860 2133 in
871 2097 1036 2146 partem
1054 2091 1269 2148 oppqfitam
1286 2089 1494 2146 impellere.
1535 2088 1646 2144 [Nec

307 2167 448 2212 tamen
465 2161 580 2204 istam
598 2163 994 2219 interpretationem,
1015 2163 1071 2205 ita
1080 2162 1303 2213 definitam,
1326 2161 1498 2218 prolatis
1509 2173 1645 2216 exem7

306 2232 387 2291 plis
406 2234 597 2288 probavit
615 2229 680 2275 vii·
696 2232 864 2284 doftus,
891 2234 958 2275 sed
978 2234 1177 2278 continuo
1195 2232 1249 2274 fic
1266 2233 1405 2288 pergit
1417 2229 1449 2285 ἱ]
1477 2230 1521 2273 Si
1539 2244 1644 2285 ergo
1694 2260 1711 2270 «-

305 2303 479 2348 incurrit
498 2317 547 2345 ea
562 2305 739 2359 primum
758 2306 800 2347 in
819 2318 1004 2360 proram,
1029 2303 1191 2346 necess‘e
1219 2303 1297 2354 est,
1337 2311 1384 2345 ut
1412 2302 1645 2357 οἷντιπεριη.

308 2379 441 2431 νμένη
462 2375 680 2418 invehatur
696 2377 739 2418 in
761 2376 952 2431 puppim,
990 2389 1074 2418 non
1102 2383 1239 2417 autem
1257 2375 1300 2415 in
1322 2374 1470 2415 latera:
1497 2373 1566 2414 sed
1589 2373 1647 2414 di·

304 2455 457 2490 cuntur
475 2445 752 2502 corvtinjesti
769 2446 849 2488 effe
865 2448 908 2488 in
927 2447 1076 2498 latera3
1108 2460 1211 2501 ergo
1230 2458 1314 2487 non
1328 2457 1458 2486 naves
1475 2441 1645 2485 οἶντιπε-

303 2514 494 2575 ριήγοντο
505 2546 528 2568 ,.
549 2518 636 2570 sed,
663 2517 733 2572 qui
750 2515 792 2560 i'n
813 2517 986 2560 navibus
1008 2524 1146 2568 erant,
1175 2514 1482 2571 ἀντιπαρῆγον,
1516 2514 1643 2556 comi-

301 2583 491 2634 tabantur
519 2602 649 2632 naves
676 2589 863 2630 inimicas
890 2602 914 2630 a
940 2589 1069 2630 latere
1095 2587 1172 2639 fic,
1216 2595 1264 2629 ut
1298 2588 1345 2629 ἐκ
1371 2581 1642 2643 παραλήλου

301 2661 410 2704 inter
428 2661 467 2702 se
484 2659 652 2702 effent“
680 2681 736 2691 -·

387 2728 504 2785 Vers.
534 2743 595 2774 ιο
631 2723 930 2785 ἠσφαλίζοντο.
986 2729 1124 2772 Minus
1149 2729 1254 2772 bene
1282 2721 1517 2784 ἤσφοίλιξον
1535 2725 1640 2772 Vat.

258 2807 262 2811 “
290 2801 410 2847 ὶἨοῖ.
429 2803 544 2859 Aug.
564 2802 669 2858 Reg.
686 2802 742 2845 A.
771 2821 826 2835 —-
883 2799 991 2844 Ibid.
1019 2796 1126 2857 ιῗπὲρ
1151 2796 1225 2844 ‘niv
1251 2797 1503 2857 δρύφακτον.
1533 2793 1641 2852 νπὲρ

1601 2867 1646 2911 δὲ
