1734 3164
277 221 361 280 692
693 236 1194 271 AnnorArxonns

83 333 253 344 o-——--—·-—-

99 363 194 404 γεῖς.
219 372 249 402 1·
282 334 495 398 ἄρχοντας.
544 334 635 388 τούς
648 341 694 382 ἐκ
714 341 784 382 τοῦ
801 341 992 397 πρὸτερον
1011 338 1065 388 εἷς
1086 336 1176 389 τούς
1199 333 1502 397 ἔρχονταςναῖ.
1531 340 1614 385 Eo-

279 415 375 455 dem
399 414 524 454 modo
554 410 657 455 Vrb.
679 412 789 454 Flor.
811 414 919 468 Aug.
939 413 1108 469 Reg.A.
1138 411 1210 454 nifi
1238 416 1348 468 quod
1378 415 1427 454 hi
1453 416 1493 459 ἐς
1521 409 1613 460 τούς

279 486 402 534 dent;
428 497 513 525 non
536 479 589 529 εἰς
613 478 713 530 τούς.
773 483 821 525 In
839 497 923 526 uno
944 483 1047 539 Reg.
1060 485 1111 527 A.
1130 483 1249 540 super
1278 486 1320 531 ἐς
1354 480 1443 531 τοὺς
1472 485 1522 527 ab
1548 491 1613 527 ea'-

279 557 373 597 dem
394 568 517 597 manu
536 554 846 609 superscriptum
866 555 1055 603 ἑστῶτας,
1087 557 1199 611 quod
1217 570 1267 597 ex
1288 555 1524 611 conjefil’ura
1544 553 1615 608 est5

279 638 402 682 quam
423 626 465 667 in
484 625 612 681 ipsum
631 633 874 668 contextum
898 628 1058 681 recepit
1082 626 1181 669 Bav.
1237 625 1366 669 Re&
1394 641 1495 669 vero
1529 641 1617 670 mo·

241 754 244 756 -
279 698 368 740 nuit
386 697 606 747 Reiskius‚
626 696 726 738 illud
744 698 784 744 ἐς
805 693 895 744 τούς
913 698 978 740 vel
1001 694 1053 745 εἷς
1072 693 1161 745 τοὺς
1181 712 1232 740 ex
1252 695 1400 746 ἔτους
1422 698 1503 741 efl'e
1524 695 1617 742 eor'-

280 774 472 823 ruptum3
499 780 583 822 quo
601 766 779 822 repofito
791 798 804 819 ,
832 769 883 810 ad
898 769 1191 812 ‘restituendam
1210 770 1308 812 loco
1326 769 1540 813 sanitatem
1554 766 1616 813 ni‘-

278 838 340 881 hil
366 839 587 894 quidquam
620 838 792 895 amplius
822 837 1081 883 defideratur.
1127 840 1247 884 conf.
1277 854 1365 897 cap.
1395 840 1486 892 106,
1509 853 1549 884 2.
1570 840 1617 886 ἃ

285 921 378 964 114,
395 909 437 964 6.
497 910 681 965 Longius
700 925 723 952 a
743 923 856 953 verae
885 911 1094 966 scripturae
1122 913 1305 971 vestigiis
1333 911 1618 957 receffitBav.

281 983 353 1039 qui
371 982 495 1025 habet
513 977 601 1031 τούς
622 977 735 1030 &ni-61,-
755 977 948 1038 πρότερον
972 983 1150 1031 ἑστῶτας
1171 978 1397 1040 ἄρχοντας,
1427 986 1539 1040 quod
1557 991 1618 1028 te-

281 1060 460 1097 nuerunt
478 1055 541 1095 ed.
565 1067 598 1095 1.
619 1065 656 1095 2.
675 1053 719 1096 &
740 1054 834 1096 inde
854 1055 957 1110 Reg.
971 1055 1015 1097 B.
1029 1054 1076 1098 C.
1135 1053 1219 1097 Sed
1251 1054 1510 1099 casaubonus
1528 1060 1617 1100 mu'·

284 1126 388 1169 tavit
409 1126 452 1167 in
472 1121 561 1173 τούς
581 1121 626 1168 τὰ
649 1124 736 1173 ἔτος
760 1120 952 1182 πρότερον
971 1130 995 1158 *
1021 1126 1198 1174 ἑστῶτας
1229 1120 1456 1182 ἄρχοντας,
1491 1140 1617 1183 quem

285 1197 413 1240 secuti
443 1196 532 1239 sunt
559 1198 806 1253 posteriores
833 1199 1029 1239 editores.
1085 1199 1189 1241 Rem
1218 1201 1328 1254 quod
1356 1200 1533 1251 adtinet,
1564 1200 1616 1241 de

288 1269 418 1311 altero
442 1283 494 1311 ex
521 1268 740 1325 superioris
763 1270 857 1311 anni
874 1269 1139 1321 Consulibus,
1174 1270 1238 1312 M.
1260 1268 1409 1322 Atilio,
1441 1265 1619 1313 diffentit

286 1340 450 1392 Livius,
479 1342 549 1396 qui
567 1341 700 1392 hunc,
730 1346 897 1383 aetatem
920 1341 1202 1391 excusantem,
1232 1341 1408 1384 Romam
1425 1356 1448 1383 a
1465 1341 1615 1384 Consu-

285 1411 392 1454 libus
414 1411 573 1455 mifl'um
592 1411 671 1453 esse
694 1411 849 1463 scribit,
874 1410 1011 1455 XXII.
1034 1422 1104 1467 40.
1144 1411 1299 1457 Confer
1324 1426 1418 1469 quae
1444 1407 1618 1455 inferius

287 1491 481 1527 notamus
502 1485 553 1527 ad
575 1497 662 1539 cap.
691 1493 782 1537 114,
802 1481 844 1525 6.

108 1560 204 1598 vers.
224 1569 254 1608 3.
375 1554 489 1611 Vers.
514 1568 552 1610 3.
577 1555 654 1597 τῶν
672 1551 779 1597 κομι-οὶ
798 1550 928 1610 μέρος.
976 1553 1075 1602 τῶν,
1108 1569 1204 1598 cum
1221 1561 1379 1599 temere
1398 1555 1549 1598 abesset
1570 1555 1619 1598 ab

289 1629 353 1671 ed.
375 1639 413 1670 2.
435 1626 479 1670 ὂζ
498 1628 603 1683 seqq.
619 1628 812 1669 revocavi
834 1641 883 1667 ex
904 1627 968 1668 ed.
998 1639 1031 1669 1.
1056 1625 1101 1669 &
1121 1628 1276 1670 msstis.
1604 1621 1608 1625 ’

110 1704 206 1742 Vers.
222 1712 254 1748 5.
374 1697 488 1750 Vers.
507 1711 547 1753 5.
575 1694 735 1740 πάντων
761 1695 876 1750 ὑμῖν
902 1695 1298 1753 παρεσκευασμένων.
1356 1698 1449 1741 Hoc
1469 1699 1512 1740 in
1533 1711 1622 1741 ver-

289 1770 400 1812 fione
411 1771 496 1826 jam
513 1769 758 1825 expresserat
775 1769 938 1812 Casaub.
955 1768 1000 1811 &
1018 1767 1073 1810 fic
1094 1770 1136 1811 in
1157 1770 1308 1825 graecis
1328 1769 1620 1824 corrigendum

288 1841 369 1884 effe
388 1842 550 1883 monuit
569 1843 611 1883 in
633 1855 705 1883 ora
729 1839 948 1882 Bafileenfi.
1006 1839 1067 1884 Vt
1087 1841 1203 1896 legas
1235 1837 1257 1881 ὖ
1266 1840 1337 1891 pi&
1346 1854 1391 1887 ν,
1431 1847 1547 1882 vetat
1575 1841 1618 1882 id

287 1913 400 1970 quod
422 1914 619 1956 continuo
637 1912 840 1966 sequitur:
873 1926 967 1953 nam
985 1911 1014 1952 fi
1030 1912 1115 1966 jam
1133 1924 1265 1953 omnes
1285 1911 1510 1966 comparati
1517 1908 1620 1965 sunt

286 1986 344 2029 ad
367 1985 597 2028 vincendum
610 2015 621 2035 ,
658 1997 735 2025 non
757 1984 930 2038 amplius
953 1983 1178 2039 requiritur
1202 1982 1546 2037 eorum-voluntas
1565 1971 1618 2025 δὲ’

287 2058 495 2100 alacritas.

372 2127 475 2170 Ibid.
515 2121 603 2168 οὐδὲ
635 2125 941 2181 παρακαλὲῗθσᾳ
974 2119 1097 2168 πλείω
1127 2122 1293 2181 πρέπειν
1319 2122 1410 2177 ὑμῖν
1440 2121 1616 2176 ὑπολαμ-

286 2194 414 2254 βάνω.
476 2198 571 2240 Non
598 2197 691 2243 sanis
716 2197 796 2247 est,
833 2199 946 2251 quod
975 2212 1071 2239 cum
1100 2197 1335 2239 casaubono
1363 2198 1406 2236 in
1433 2193 1618 2237 verfione

286 2271 427 2327 posui,
460 2267 558 2311 nihil
585 2281 684 2322 opus
705 2268 757 2324 est
785 2281 858 2309 vos
881 2266 1069 2322 pluribus
1096 2266 1312 2310 cohortari.
1370 2266 1465 2308 Hoc
1494 2267 1618 2327 dicit:

284 2355 333 2384 ne
361 2342 493 2384 decere
518 2339 675 2396 quidem
702 2352 774 2380 vos
804 2338 1010 2388 arbitror,
1048 2345 1095 2381 ut
1117 2338 1305 2394 pluribus
1329 2336 1463 2380 verbis
1477 2335 1618 2391 *admo-

284 2413 470 2456 neamini.
529 2408 619 2462 ὑμῖν
640 2407 730 2465 post
746 2407 886 2465 πρέπει
907 2418 1064 2452 temere
1085 2409 1219 2451 omisit
1238 2410 1352 2463 Aug.
1414 2412 1417 2415 '

107 2483 201 2524 Verr.
220 2484 254 2521 6.
373 2479 488 2537 Vers.
511 2481 551 2525 6.
576 2483 658 2528 τοῖς
689 2479 764 2532 μέν
793 2496 852 2531 γε.
907 2482 987 2528 τοῖς
1015 2481 1091 2532 μὲν
1121 2476 1198 2536 ‘reip
1228 2480 1335 2521 solus
1369 2477 1529 2534 Reg.C.
1559 2477 1618 2511 -ἶ-

285 2554 391 2598 Ibid.
412 2552 501 2608 ἔχει
523 2547 718 2607 διαφοροέν
737 2553 894 2594 restitui
914 2567 964 2593 ex
986 2554 1050 2595 ed.
1075 2565 1111 2595 1.
1130 2551 1174 2595 &
1196 2553 1338 2593 msstis
1351 2580 1365 2602 ,
1393 2551 1541 2606 quibus
1557 2549 1615 2592 in‘-

286 2627 386 2669 vitis
406 2624 510 2678 ἔσχε
533 2624 591 2666 est
610 2625 652 2665 in
672 2625 735 2666 ed.
757 2635 780 2666 2
804 2622 848 2666 &
867 2623 974 2678 seqq.

104 2700 198 2738 Vers.
214 2711 248 2744 7.
376 2696 488 2751 Verfi
508 2709 549 2749 7.
574 2690 633 2737 oze}
651 2689 845 2737 κινδύνων.
900 2688 1083 2735 κινδύνων
1102 2687 1162 2735 αἰεὶ
1181 2693 1289 2735 solus
1316 2693 1428 2748 Aug.

100 2774 195 2812 Vers.
218 2780 251 2814 8.
371 2765 486 2823 Veis.
507 2771 547 2817 8.
577 2766 782 2821 τεθνὸἱνοᾳ.
817 2766 886 2809 Sic
906 2766 1034 2820 vulgo
1052 2778 1211 2807 omnes.
1255 2763 1380 2807 Poffis
1402 2763 1447 2806 &
1465 2757 1615 2805 τεθναί-

279 2853 342 2894 νοᾳ
364 2838 552 2890 scribet&
607 2831 702 2881 Hoc
726 2837 907 2894 praesens
928 2836 1054 2879 fuerit
1075 2843 1240 2890 tempus
1247 2865 1263 2887 ,
1298 2833 1400 2878 illud
1429 2823 1613 2891 praeteri‘-

1505 2911 1609 2948 tum.
