1742 3190
165 300 352 344 Ξ

149 1335 294 1390 Parritio

126 1394 251 1429 operis.

135 2187 296 2234 {ristona

117 2243 336 2301 Ἀ’ποδεικτι-

118 2303 174 2336 un.

369 223 452 272 ¹08
790 233 1290 275 annox-Annua:

366 334 508 391 quain
525 333 654 390 priori
672 339 787 390 parte
805 334 899 377 usus
918 341 1031 385 erat,
1061 333 1246 392 persequi
1272 335 1457 386 instituit.
1516 337 1586 382 Ad
1605 345 1713 396 qm

364 419 434 448 res
461 405 762 461 perscribendas
789 420 842 447 eo
869 405 1078 449 lubentior
1107 406 1254 460 adjecit
1277 409 1482 459 animum,
1510 411 1621 468 quod
1637 411 1707 453 hae

364 478 454 521 fere
472 484 600 526 erant,
628 477 671 517 in
695 477 841 531 quibus
861 475 906 519 &
923 477 1128 533 Scipionis
1145 477 1370 522 Aemiliani
1387 480 1532 530 virtus,
1554 481 1709 527 alumni

364 549 425 592 sui
444 544 838 602 conjun&isfimique
857 549 998 598 amici,
1029 549 1206 592 maxime
1226 547 1414 605 insignita
1434 550 1514 600 est,
1545 549 1591 594 &
1609 564 1707 606 qua·

361 635 456 664 rum
479 616 623 674 majori
650 619 755 673 parti
782 619 866 674 ipse
892 619 1091 675 Polybius
1122 633 1207 662 non
1233 618 1434 676 spectator
1459 608 1609 672 solum,
1637 621 1706 665 sed

362 692 408 740 δι
425 690 541 735 aelon
558 705 606 733 ac
624 689 917 733 nonnullarum
936 691 1061 736 etiam
1082 688 1226 732 auctor
1240 691 1621 750 administrator-que
1646 695 1707 736 in-

360 764 570 808 terfuerat.
627 761 823 804 Excurrit
846 774 997 817 nempe
1027 762 1119 805 haec
1140 775 1234 818 pars
1254 762 1448 806 Historiae
1465 763 1714 819 Polybianae‘

360 851 386 878 a
410 832 640 876 Celtiberico
669 832 781 874 Bello
807 829 851 875 in
877 831 1092 888 Hispania,
1122 833 1164 874 in
1192 846 1277 890 quo
1302 830 1483 890 primum
1508 835 1707 891 praeclara

359 906 570 960 Scipionis
597 903 760 946 indoles
787 903 937 954 eluxit,
966 904 1090 958 nsque
1111 905 1162 946 ad
1179 898 1363 947 eversam
1383 905 1432 947 ab
1452 906 1603 949 eodem
1621 905 1705 950 Sci-

357 979 485 1033 pione
502 975 614 1018 Bello
635 975 784 1016 Punico
803 975 924 1016 tertio
942 973 1247 1029 Carthaginem,
1266 976 1524 1032 deletamque
1537 991 1560 1018 a
1572 978 1704 1020 Mum-

357 1049 445 1094 mio
472 1047 582 1091 Bello
611 1044 785 1088 Achaico
814 1044 1081 1096 Corinthum,
1119 1044 1164 1089 &
1191 1045 1392 1089 Achaiam
1410 1096 1413 1098 ,
1428 1048 1705 1098 Romanorum

357 1118 550 1176 potestati
577 1115 816 1172 subjectam:
862 1115 1235 1174 compleffiturque
1260 1119 1363 1159 adeo
1393 1131 1462 1160 res
1491 1119 1625 1175 gestas
1652 1120 1703 1162 ab

360 1190 530 1246 Olymp.
550 1201 684 1232 (τινι.
711 1188 756 1233 &
780 1189 829 1231 ab
849 1203 957 1233 anno
977 1189 1062 1230 fere
1082 1189 1130 1230 ab
1147 1188 1260 1233 Vrbe
1279 1190 1445 1232 condita
1462 1189 1559 1233 601.
1576 1190 1702 1246 usque

359 1262 410 1304 ad
436 1260 606 1317 Olymp.
627 1273 805 1302 CLVIII.
832 1259 887 1301 A.
913 1259 966 1304 V.
985 1260 1084 1315 609.

443 1330 637 1376 Duarum
655 1331 821 1374 istarum
833 1332 1040 1385 partium,
1070 1331 1218 1387 quibus
1243 1331 1375 1376 adhuc
1401 1332 1578 1375 vidimus
1603 1346 1702 1376 con-

354 1404 457 1448 stare
476 1403 639 1458 Polybii
663 1402 903 1453 Historiam,
931 1404 1045 1458 prior
1070 1403 1139 1451 illa
1156 1402 1203 1448 ac
1219 1396 1477 1459 principalis,
1507 1417 1601 1460 quae
1628 1417 1697 1446 res

356 1475 492 1532 gestas
514 1475 562 1517 ab
582 1475 702 1515 initio
720 1473 817 1521 belli
835 1473 1093 1518 Hannibalici
1118 1473 1200 1516 five
1220 1474 1365 1519 Punici
1390 1474 1555 1519 secundi
1573 1474 1700 1531 usque

357 1548 408 1589 ad
426 1546 554 1593 finem
576 1544 723 1589 perfici
740 1545 851 1596 belli,
879 1545 922 1587 id
939 1546 997 1587 est
1015 1545 1279 1592 Macedonici
1289 1546 1426 1601 primi,
1454 1543 1699 1602 compleste-

355 1619 497 1667 batur,
523 1617 702 1671 triginta
720 1615 891 1665 Libros,
922 1618 1056 1671 quoad
1075 1617 1239 1671 quidem
1260 1631 1314 1658 ex
1332 1616 1531 1673 Reliquiis
1545 1617 1698 1671 judica-
1731 1627 1734 1630 ⁴

356 1704 403 1732 re
421 1690 539 1739 licet,
568 1688 822 1743 complebat3
851 1686 895 1730 &
915 1688 963 1729 ab
983 1702 1034 1728 eo
1054 1688 1199 1737 Libro,
1226 1700 1349 1742 quem
1365 1687 1531 1737 tertium
1549 1689 1698 1731 deinde

354 1755 592 1807 numeravit
631 1757 799 1809 auftor,
842 1759 893 1802 ad
927 1754 1162 1815 tricefimicm
1191 1757 1409 1813 secundum
1444 1759 1697 1814 pertinebat:

355 1832 490 1875 altera
514 1843 641 1885 pars,
687 1830 784 1872 huic
819 1827 1015 1884 subjesta,
1062 1843 1156 1884 quae
1184 1845 1206 1871 a
1234 1830 1343 1872 bello
1371 1829 1621 1880 Celtiberico
1647 1832 1698 1873 ad

355 1902 539 1947 eversam
565 1901 691 1956 usque
715 1899 1005 1956 Carthaginem
1033 1908 1156 1956 atque
1184 1900 1453 1951 Corinthum,
1481 1902 1524 1944 id
1542 1901 1619 1952 est,
1646 1903 1698 1944 ad

351 1972 483 2017 finem
509 1972 773 2019 belli-Punici
798 1972 869 2014 111.
899 1972 1076 2027 bellique
1104 1973 1279 2014 Achaici
1306 1973 1568 2026 excurrebat,
1611 1971 1697 2016 offo

351 2041 496 2089 Libris
520 2043 802 2099 sequentibus,
832 2055 860 2085 a
876 2042 979 2085 libro
994 2043 1210 2086 XXXIII
1232 2041 1349 2100 usque
1369 2043 1427 2086 ad
1442 2042 1696 2104 quadragesi-

351 2123 477 2167 mum,
506 2122 594 2158 erat
612 2114 916 2169 comprehensa,

367 2231 371 2234 ,
403 2187 490 2235 -,.Ιῐι
517 2193 691 2241 utraque
721 2199 819 2229 vero
846 2185 1010 2228 istarum
1038 2187 1214 2241 partium
1243 2186 1285 2228 id
1314 2186 1466 2240 ubique
1496 2183 1695 2240 speetavit

354 2260 594 2313 curavitque
614 2257 834 2311 Polybius,
865 2263 913 2298 ut
938 2270 1022 2298 non
1049 2264 1133 2299 tam
1159 2257 1330 2299 otiosam
1356 2271 1406 2307 ex
1426 2257 1605 2312 legendo
1623 2272 1694 2300 vo-

352 2332 554 2386 luptatem
580 2335 777 2384 caperent
798 2325 1000 2378 lecim-es,
1030 2341 1152 2382 quam
1169 2335 1216 2370 ut
1234 2342 1283 2370 ex
1302 2341 1439 2369 rerum
1455 2335 1549 2370 ante
1566 2329 1694 2383 gesta.

352 2415 448 2449 rum
475 2400 715 2455 cognitione
742 2399 793 2443 ad
820 2412 961 2440 earum
984 2413 1120 2441 rerum
1139 2400 1362 2450 rationem,
1393 2411 1485 2454 quae
1503 2412 1612 2440 nunc
1630 2398 1696 2442 vel

353 2477 557 2529 geruntur
575 2471 639 2516 vel
658 2471 851 2525 gerendae
871 2469 973 2518 sunt,
1005 2471 1082 2514 rite
1093 2470 1419 2526 perspiciendam
1437 2469 1692 2513 institueren-

354 2551 435 2588 tur.
493 2542 631 2592 Quem
657 2541 783 2583 finem
813 2548 860 2584 ut
886 2541 1221 2597 consequeretur,
1263 2541 1461 2597 praeclare
1487 2541 1691 2583 intellexit

356 2615 421 2662 vir
447 2603 796 2670 prudentiffimUS,
827 2612 870 2653 in
887 2612 1008 2657 rebus
1027 2614 1283 2666 exponendis
1302 2625 1385 2654 non
1404 2613 1528 2653 modo
1549 2612 1693 2654 verita-

353 2692 463 2735 tem,
494 2697 587 2739 quae
606 2685 737 2739 prima
752 2684 817 2725 lex
843 2683 921 2732 est,
954 2683 1143 2737 religiose
1162 2684 1376 2725 tenendam
1396 2681 1475 2725 effe
1491 2683 1691 2738 scriptori,

353 2771 498 2807 verum
517 2755 562 2798 δε
579 2756 677 2797 illud
704 2755 746 2795 in
764 2755 906 2810 primis
926 2752 1206 2809 spec-randum,
1235 2762 1282 2796 ut
1307 2768 1392 2796 non
1418 2766 1485 2795 res
1513 2766 1690 2809 quaeque

352 2829 462 2876 nude
481 2840 556 2883 per
577 2826 615 2874 se
635 2826 735 2881 (qui
753 2826 840 2869 fere
856 2838 948 2867 mos
971 2826 1028 2867 est
1045 2840 1202 2876 eorum,
1224 2826 1294 2881 qui
1314 2825 1497 2867 Annales
1515 2824 1691 2866 conscri-

1556 2893 1693 2947 bunt)
