1734 3164
351 210 434 252 702
679 256 682 260 Ι
767 217 1262 252 annom-Arronzs

151 285 327 320 ‚qn—n·-

171 314 263 380 v-'erss
284 342 315 377 5
432 312 538 357 [bid.
566 309 678 359 αυτοὶ
706 316 748 360 δὲ
778 332 831 360 πε
865 312 1082 368 υκνωκότες
1112 313 1191 364 οἷπδ
1220 323 1299 366 τῶν
1328 303 1511 385 κεράτων
1535 324 1603 370 ἐπὶ
1629 323 1684 370 τοὶ

346 381 456 437 μέσοι
484 401 550 442 unq
577 384 645 429 τὸν
673 387 946 434 κινδυνευοντοι
965 387 1097 434 τόπον.
1163 394 1251 436 lam
1287 410 1339 437 ex
1374 400 1507 453 prima-
1539 400 1682 455 instru-

349 454 488 499 &ione
526 460 630 500 aciei
668 461 799 503 multo
832 464 999 504 altiores
1039 470 1156 506 erant
1189 465 1468 510 Romanorum
1502 470 1683 520 ordines,

348 540 471 583 quam
489 529 734 582 Poenorum3
775 533 878 584 (vid.
899 548 986 590 cap
1010 547 1114 588 113,
1125 533 1204 588 3)
1211 549 1322 579 nunc
1352 552 1452 596 vero
1479 540 1604 581 etiam
1632 552 1685 581 ex
1730 591 1734 598 „

351 605 527 655 utroque
560 615 689 643 cornu
717 603 854 646 versus
877 607 1060 648 medium
1079 606 1158 648 sese
1179 593 1481 663 conglobabant
1497 596 1687 668 Romani,

351 683 433 726 qua
460 678 577 729 parte
603 673 789 716 fervebat
815 677 1003 730 praelium
1029 676 1074 719 δε
1102 691 1182 733 qua
1203 677 1293 735 jam·
1319 681 1519 722 cedebant
1534 679 1686 732 hostes,

348 742 535 796 adeoque
553 741 724 786 vi8coria
745 745 1040 790 ostendebatur.
1071 749 1208 802 (Conf.
1226 747 1324 804 verss
1346 749 1408 803 8.)
1465 751 1528 810 Jta
1544 750 1684 810 fiebat,

346 818 395 853 ut
424 812 551 855 veluti
580 827 757 858 cuneum
778 819 1027 872 {quemdarm
1067 820 1210 861 obtuso
1240 821 1437 863 nimirum
1462 823 1684 864 admodum

346 883 523 938 angulo,
549 885 747 929 formaret
765 889 1044 931 Romanorum
1063 892 1173 932 acies
1182 906 1196 942 ;
1231 891 1348 946 cujus
1377 893 1500 934 cunei
1529 898 1685 934 utrum-

345 966 421 1010 que
439 953 638 1011 obliquum
661 958 772 1001 latus
794 973 915 1011 nunc,
944 973 1066 1016 quum
1091 962 1134 1003 in
1163 960 1336 1005 mediam
1366 961 1532 1021 hostium
1561 964 1685 1006 aciem

338 1033 589 1079 premerent,
618 1027 740 1083 Afris
750 1032 941 1085 patebat,
971 1033 1041 1087 qui
1061 1033 1110 1074 ab
1130 1039 1304 1088 utraque
1323 1041 1439 1090 parte
1451 1034 1569 1094 juxta
1588 1025 1681 1077 (121-

341 1095 407 1137 los
425 1097 700 1154 Hispanosque
717 1101 814 1143 inde
834 1102 883 1144 ab
906 1103 1027 1145 initio
1048 1111 1164 1146 erant
1183 1103 1323 1146 locati.

135 1178 228 1220 vers,
246 1188 281 1225 7
301 1183 332 1219 g,
430 1167 542 1224 Vers.
564 1182 603 1225 7.
632 1169 873 1223 συμπίπτειν
899 1172 1000 1218 Vrb.
1030 1174 1122 1219 Vat.
1152 1172 1263 1216 Flor.
1288 1174 1403 1231 Aug.
1432 1171 1536 1236 Reg.
1553 1173 1605 1222 A·
1634 1172 1679 1218 &

341 1251 415 1280 ora
435 1239 531 1282 Bav.
590 1263 648 1275 —-·
703 1242 808 1286 Ibid.
836 1238 899 1286 διαὶ
927 1259 973 1286 το
1001 1240 1090 1292 τούς
1117 1234 1310 1293 Κελτους.
1368 1246 1437 1288 Sic
1467 1243 1581 1288 reste
1613 1247 1678 1289 ed.

340 1306 506 1352 Casaub.
526 1308 687 1368 &seqq
713 1328 808 1358 cum
824 1314 922 1359 Vat
941 1330 987 1356 το
1008 1315 1117 1357 deest
1137 1317 1201 1358 ed.
1219 1328 1254 1358 ι.
1268 1327 1306 1359 2
1324 1314 1422 1360 Vat
1444 1316 1553 1359 Flor.
1563 1309 1678 1371 Aug.

342 1373 448 1436 Reg.
458 1382 514 1425 A
524 1375 570 1423 Β.
582 1383 628 1425 C.
684 1404 742 1417 —
807 1378 923 1441 Vns.
950 1391 990 1437 8.
1028 1382 1220 1438 ἑπόμενοί
1240 1401 1288 1436 γε
1316 1382 1479 1434 τούτοις
1540 1401 1588 1437 *γε
1611 1402 1678 1443 uoq

343 1446 496 1500 τούτοις
524 1453 633 1496 solus
660 1457 771 1512 Aug.
829 1477 888 1488 —-
943 1451 1513 1517 Ibid.‹}1'nouw.corrupte
1541 1447 1677 1500 εἰκότα

340 1524 455 1566 idem
475 1524 583 1580 Aug
601 1523 645 1568 &
664 1528 766 1584 Reg.
779 1527 829 1571 A.
849 1529 948 1571 sed
935 1542 979 1571 m
995 1529 1077 1570 hoc
1096 1529 1216 1572 litera
1234 1544 1256 1570 ν
1273 1530 1382 1572 inter
1397 1530 1524 1598 lineas
1541 1516 1674 1585 super-

341 1587 503 1650 scripta.
533 1632 536 1637 ,

106 1672 245 1724 Verss'p
262 1677 329 1726 seq.
431 1666 478 1708 V
470 1663 544 1716 ers
566 1681 593 1724 9
595 1667 682 1726 seq
714 1656 768 1713 ων
793 1670 924 1724 οἱμὲν
947 1667 1027 1714 οἷπδ
1047 1671 1118 1714 τοῦ
1137 1656 1264 1723 δεξιοῧ
1283 1659 1448 1727 κέρατος
1468 1664 1673 1718 κλίναντες

339 1734 403 1780 ἐπ’
421 1734 570 1793 οἷςπίδοι
587 1740 672 1783 &c.
727 1743 864 1785 Facile
883 1750 1017 1800 patet,
1046 1750 1095 1786 ut
1113 1740 1241 1787 veluti
1258 1744 1417 1798 forcipe
1435 1748 1674 1785 tenerentur

337 1808 383 1852 &
404 1810 712 1854 includerentur
729 1814 930 1865 Romani,
965 1816 1107 1869 (quod
1128 1813 1339 1856 confilium
1360 1814 1495 1855 fuerat
1517 1813 1671 1856 Hanni.
1712 1837 1717 1841 ,

336 1879 475 1933 balis,)
503 1882 661 1924 necefl'e
683 1884 822 1936 suiffe,
849 1893 897 1927 ut
917 1880 1039 1940 Afri,
1065 1885 1135 1941 qui
1163 1891 1282 1926 erant
1309 1878 1350 1926 in
1372 1883 1522 1945 ,dextro
1550 1897 1674 1926 cornu

336 1952 524 2004 (Punicae
546 1954 670 2005 aciei,
701 1957 811 1998 conf
833 1970 921 2012 cap.
947 1970 963 2000 ι
978 1956 1038 2007 ι6,
1060 1957 1164 2011 §sq.
1153 1954 1172 1996 ὃ
1182 1955 1397 2011 flexionem
1420 1955 1462 1996 in
1483 1953 1671 2008 clypeum,

333 2023 378 2064 id
398 2023 474 2073 est,
503 2023 654 2065 laevam
677 2027 839 2078 versus,
867 2026 1082 2078 facerent;
1113 2027 1181 2082 qui
1202 2027 1244 2068 in
1254 2026 1437 2082 sinistro,
1455 2019 1672 2081 flexionem

336 2094 379 2135 in
397 2092 573 2150 hastam,
602 2096 643 2136 id
665 2097 741 2148 est,
772 2099 821 2140 ad
841 2099 1039 2140 dextram.
1086 2096 1167 2139 Sed
1186 2096 1469 2139 difficultatem
1493 2097 1671 2151 aliquam

335 2164 460 2206 habet
481 2166 523 2206 id
547 2167 655 2220 quod
676 2164 873 2223 sequitur,
902 2171 1011 2224 quod
1038 2170 1089 2211 de
1120 2170 1205 2218 eis,
1243 2169 1314 2222 qui
1332 2168 1598 2209 inflexionem
1621 2168 1670 2229 ad

333 2234 529 2278 finistram
555 2236 760 2288 fecerant,
801 2239 983 2295 subjicit,
1030 2254 1096 2294 uoq
1121 2234 1192 2294 τήν
1222 2233 1400 2294 ἐμβολην
1432 2240 1478 2280 ἐκ
1508 2229 1667 2293 δόρατος

331 2300 578 2357 ποιουμενοι,
613 2302 859 2364 παρίσταντο
891 2307 1002 2367 παραὶ
1024 2305 1202 2364 πλευροέν
1225 2312 1305 2357 τοῖς
1325 2304 1540 2360 πολεμίως
1601 2304 1668 2360 ἐμ·

331 2373 460 2431 βολην
486 2378 668 2432 ποιέιιθοᾳ
689 2381 932 2437 plerumque
953 2384 1123 2424 denotat
1142 2382 1355 2435 impetum,
1391 2379 1558 2437 impreff
1558 2393 1670 2422 onem

320 2447 463 2503 facere
483 2450 525 2490 in
540 2448 708 2505 hostem‚·
744 2453 874 2495 veluti
899 2467 998 2495 mox
1025 2468 1111 2508 cap.
1137 2451 1227 2502 116,
1247 2455 1286 2501 8.
1343 2450 1447 2500 Sed,
1477 2452 1668 2506 primum,

325 2533 404 2576 per
428 2521 466 2561 se
485 2533 571 2561 non
593 2521 684 2562 satis
701 2523 969 2579 intelligitur,
1000 2537 1082 2579 quo
1100 2521 1222 2578 pacto
1244 2535 1353 2564 nunc
1376 2517 1513 2564 dicere
1534 2513 1666 2577 poffit,

324 2604 354 2633 a
373 2590 523 2633 dextra
544 2591 734 2646 impetum
743 2593 964 2647 fecerunt
950 2609 991 2636 m
1009 2594 1176 2652 hostem·
1202 2607 1296 2635 nam
1311 2585 1340 2634 fi
1361 2593 1551 2638 dextram
1569 2586 1670 2637 acie?

323 2662 490 2706 Punicae
510 2663 629 2714 dicit,
658 2661 717 2705 nil
738 2666 904 2717 mirum,
931 2680 1007 2708 nec
1029 2668 1070 2708 id
1091 2679 1197 2721 opus
1216 2665 1296 2706 fuit
1316 2665 1453 2707 denuo
1476 2675 1664 2719 monere,

325 2735 658 2789 quandoquidem
680 2736 720 2777 id
741 2737 870 2792 ipsum
892 2738 1018 2780 modo
1039 2739 1196 2779 dixerat
1214 2736 1255 2778 οἱ
1268 2730 1349 2777 olm?
1368 2732 1440 2778 τ’·οῧ
1457 2729 1585 2787 δεξιον
1602 2726 1665 2778 ue?-

319 2816 464 2863 ρατος·
453 2833 467 2858 ,
507 2806 698 2850 dextram
723 2821 824 2851 vero
845 2811 946 2851 aciei
964 2821 1142 2851 romana
1171 2821 1282 2850 nunc
1303 2808 1442 2851 dicere
1462 2822 1547 2853 non
1567 2815 1662 2864 pot-

1583 2878 1656 2929 est,
