<?xml version="1.0" encoding="UTF-8"?>
<!DOCTYPE html PUBLIC "-//W3C//DTD XHTML 1.0 Transitional//EN"
    "http://www.w3.org/TR/xhtml1/DTD/xhtml1-transitional.dtd">
<html xmlns="http://www.w3.org/1999/xhtml" xml:lang="en" lang="en">
 <head>
  <title>
</title>
<meta http-equiv="Content-Type" content="text/html;charset=utf-8" />
  <meta name='ocr-system' content='tesseract 3.04.00' />
  <meta name='ocr-capabilities' content='ocr_page ocr_carea ocr_par ocr_line ocrx_word'/>
</head>
<body>
  <div class='ocr_page' id='page_1' title='image "./historiarumquidq05polyuoft_0038.png"; bbox 0 0 1716 3204; ppageno 0'>
   <div class='ocr_carea' id='block_1_1' title="bbox 118 236 1359 349">
    <p class='ocr_par' dir='ltr' id='par_1_1' title="bbox 118 236 1359 349">
     <span class='ocr_line' id='line_1_1' title="bbox 322 236 1359 286; baseline -0.005 0"><span class='ocrx_word' id='word_1_1' title='bbox 322 253 375 286; x_wconf 81' lang='lat'>12</span> <span class='ocrx_word' id='word_1_2' title='bbox 614 243 1023 284; x_wconf 62' lang='lat' dir='ltr'>&#39;regnaount</span> <span class='ocrx_word' id='word_1_3' title='bbox 1052 236 1359 284; x_wconf 51' lang='lat' dir='ltr'>varnavia</span> 
     </span>
     <span class='ocr_line' id='line_1_2' title="bbox 118 303 856 349; baseline -0.007 0"><span class='ocrx_word' id='word_1_4' title='bbox 118 310 294 349; x_wconf 62' lang='grc' dir='ltr'>ι-ὗ-</span> <span class='ocrx_word' id='word_1_5' title='bbox 848 303 856 318; x_wconf 56' lang='lat'><em>³</em></span> 
     </span>
    </p>
   </div>
   <div class='ocr_carea' id='block_1_2' title="bbox 120 349 284 362">
    <p class='ocr_par' dir='ltr' id='par_1_2' title="bbox 120 349 284 362">
     <span class='ocr_line' id='line_1_3' title="bbox 120 349 284 362; baseline -0.006 0"><span class='ocrx_word' id='word_1_6' title='bbox 120 349 284 362; x_wconf 45' lang='grc' dir='ltr'>βᾶ--ιι--θ</span> 
     </span>
    </p>
   </div>
   <div class='ocr_carea' id='block_1_3' title="bbox 233 352 1704 1170">
    <p class='ocr_par' dir='ltr' id='par_1_3' title="bbox 248 352 1656 631">
     <span class='ocr_line' id='line_1_4' title="bbox 320 352 1652 423; baseline 0.001 -19"><span class='ocrx_word' id='word_1_7' title='bbox 320 354 554 423; x_wconf 84' lang='lat' dir='ltr'>Spieilegio</span> <span class='ocrx_word' id='word_1_8' title='bbox 588 356 958 420; x_wconf 80' lang='lat' dir='ltr'>Fragmentorum</span> <span class='ocrx_word' id='word_1_9' title='bbox 994 352 1166 414; x_wconf 90' lang='lat' dir='ltr'>Polybii</span> <span class='ocrx_word' id='word_1_10' title='bbox 1204 371 1258 402; x_wconf 81' lang='lat' dir='ltr'>ex</span> <span class='ocrx_word' id='word_1_11' title='bbox 1301 353 1414 402; x_wconf 90' lang='lat' dir='ltr'>libro</span> <span class='ocrx_word' id='word_1_12' title='bbox 1449 353 1652 405; x_wconf 72' lang='lat' dir='ltr'><strong>XXXIX.</strong></span> 
     </span>
     <span class='ocr_line' id='line_1_5' title="bbox 321 419 1653 490; baseline 0 -17"><span class='ocrx_word' id='word_1_13' title='bbox 321 423 494 477; x_wconf 88' lang='lat' dir='ltr'>Eodem</span> <span class='ocrx_word' id='word_1_14' title='bbox 512 429 728 490; x_wconf 89' lang='lat' dir='ltr'>pertinere</span> <span class='ocrx_word' id='word_1_15' title='bbox 749 421 917 471; x_wconf 88' lang='lat' dir='ltr'>videtur</span> <span class='ocrx_word' id='word_1_16' title='bbox 944 419 988 470; x_wconf 88' lang='lat' dir='ltr'>id</span> <span class='ocrx_word' id='word_1_17' title='bbox 1012 421 1130 488; x_wconf 90' lang='lat' dir='ltr'>quod</span> <span class='ocrx_word' id='word_1_18' title='bbox 1162 442 1215 471; x_wconf 89' lang='lat' dir='ltr'>ex</span> <span class='ocrx_word' id='word_1_19' title='bbox 1241 421 1416 472; x_wconf 87' lang='lat' dir='ltr'>Pausan.</span> <span class='ocrx_word' id='word_1_20' title='bbox 1437 426 1550 473; x_wconf 87' lang='lat' dir='ltr'><strong>VIII.</strong></span> <span class='ocrx_word' id='word_1_21' title='bbox 1577 440 1653 481; x_wconf 84' lang='lat'>30.</span> 
     </span>
     <span class='ocr_line' id='line_1_6' title="bbox 321 490 1656 564; baseline 0 -22"><span class='ocrx_word' id='word_1_22' title='bbox 321 495 455 564; x_wconf 86' lang='lat' dir='ltr'>paulo</span> <span class='ocrx_word' id='word_1_23' title='bbox 483 507 579 541; x_wconf 83' lang='lat' dir='ltr'>ante</span> <span class='ocrx_word' id='word_1_24' title='bbox 605 492 862 548; x_wconf 74' lang='lat' dir='ltr'>adtuliinu8‚</span> <span class='ocrx_word' id='word_1_25' title='bbox 910 497 955 540; x_wconf 74' lang='lat' dir='ltr'>&lt;Sc</span> <span class='ocrx_word' id='word_1_26' title='bbox 982 490 1101 558; x_wconf 92' lang='lat' dir='ltr'>quod</span> <span class='ocrx_word' id='word_1_27' title='bbox 1130 496 1176 539; x_wconf 88' lang='lat' dir='ltr'>in</span> <span class='ocrx_word' id='word_1_28' title='bbox 1206 490 1482 560; x_wconf 80' lang='lat' dir='ltr'>inscriptione</span> <span class='ocrx_word' id='word_1_29' title='bbox 1511 494 1656 543; x_wconf 80' lang='lat' dir='ltr'>statuae</span> 
     </span>
     <span class='ocr_line' id='line_1_7' title="bbox 248 559 1655 631; baseline -0.001 -18"><span class='ocrx_word' id='word_1_30' title='bbox 248 623 254 631; x_wconf 63' lang='lat'><strong><em>„</em></strong></span> <span class='ocrx_word' id='word_1_31' title='bbox 324 563 711 630; x_wconf 77' lang='lat' dir='ltr'>Megalopolitana:</span> <span class='ocrx_word' id='word_1_32' title='bbox 733 559 875 623; x_wconf 87' lang='lat' dir='ltr'>(Paus.</span> <span class='ocrx_word' id='word_1_33' title='bbox 896 559 1019 624; x_wconf 88' lang='lat' dir='ltr'>ibid.)</span> <span class='ocrx_word' id='word_1_34' title='bbox 1053 562 1259 623; x_wconf 83' lang='lat' dir='ltr'>Polybius</span> <span class='ocrx_word' id='word_1_35' title='bbox 1283 559 1536 629; x_wconf 72' lang='grc' dir='ltr'><em>σύμμᾳχος</em></span> <span class='ocrx_word' id='word_1_36' title='bbox 1558 561 1655 613; x_wconf 75' lang='grc' dir='ltr'>Ῥω-</span> 
     </span>
    </p>

    <p class='ocr_par' dir='ltr' id='par_1_4' title="bbox 322 629 1660 700">
     <span class='ocr_line' id='line_1_8' title="bbox 322 629 1660 700; baseline -0.004 -17"><span class='ocrx_word' id='word_1_37' title='bbox 322 631 490 700; x_wconf 65' lang='grc' dir='ltr'><em>μαίων,</em></span> <span class='ocrx_word' id='word_1_38' title='bbox 534 635 631 682; x_wconf 80' lang='lat' dir='ltr'>belli</span> <span class='ocrx_word' id='word_1_39' title='bbox 645 633 789 695; x_wconf 79' lang='lat' dir='ltr'>sbcius</span> <span class='ocrx_word' id='word_1_40' title='bbox 819 633 1131 681; x_wconf 72' lang='lat' dir='ltr'>Romanorum.</span> <span class='ocrx_word' id='word_1_41' title='bbox 1182 629 1347 681; x_wconf 89' lang='lat' dir='ltr'>dicitur.</span> <span class='ocrx_word' id='word_1_42' title='bbox 1419 632 1506 680; x_wconf 91' lang='lat' dir='ltr'>Sub</span> <span class='ocrx_word' id='word_1_43' title='bbox 1536 629 1660 698; x_wconf 76' lang='lat' dir='ltr'>idem</span> 
     </span>
    </p>

    <p class='ocr_par' dir='ltr' id='par_1_5' title="bbox 233 700 1704 1043">
     <span class='ocr_line' id='line_1_9' title="bbox 318 700 1704 768; baseline -0.001 -16"><span class='ocrx_word' id='word_1_44' title='bbox 318 717 492 768; x_wconf 88' lang='lat' dir='ltr'>tempus</span> <span class='ocrx_word' id='word_1_45' title='bbox 515 700 674 749; x_wconf 82' lang='lat' dir='ltr'>Africae</span> <span class='ocrx_word' id='word_1_46' title='bbox 696 719 821 748; x_wconf 89' lang='lat' dir='ltr'>oram</span> <span class='ocrx_word' id='word_1_47' title='bbox 839 700 1052 757; x_wconf 76' lang='lat' dir='ltr'>lustravit,</span> <span class='ocrx_word' id='word_1_48' title='bbox 1084 701 1184 749; x_wconf 81' lang='lat' dir='ltr'>teste</span> <span class='ocrx_word' id='word_1_49' title='bbox 1206 722 1229 751; x_wconf 88' lang='lat' dir='ltr'>P</span> <span class='ocrx_word' id='word_1_50' title='bbox 1243 721 1294 750; x_wconf 85' lang='lat' dir='ltr'>LI</span> <span class='ocrx_word' id='word_1_51' title='bbox 1308 722 1340 751; x_wconf 87' lang='grc' dir='ltr'><strong>Ν</strong></span> <span class='ocrx_word' id='word_1_52' title='bbox 1354 722 1368 749; x_wconf 93' lang='lat'>1</span> <span class='ocrx_word' id='word_1_53' title='bbox 1383 720 1412 751; x_wconf 93' lang='lat' dir='ltr'>o</span> <span class='ocrx_word' id='word_1_54' title='bbox 1433 701 1543 750; x_wconf 78' lang='lat' dir='ltr'>Hist.</span> <span class='ocrx_word' id='word_1_55' title='bbox 1555 705 1655 751; x_wconf 85' lang='lat' dir='ltr'>Nat.</span> <span class='ocrx_word' id='word_1_56' title='bbox 1700 711 1704 716; x_wconf 84' lang='lat'><em>&#39;</em></span> 
     </span>
     <span class='ocr_line' id='line_1_10' title="bbox 233 767 1654 836; baseline -0.001 -15"><span class='ocrx_word' id='word_1_57' title='bbox 233 775 239 783; x_wconf 72' lang='lat'><em>‘</em></span> <span class='ocrx_word' id='word_1_58' title='bbox 319 773 392 822; x_wconf 83' lang='lat' dir='ltr'>lib.</span> <span class='ocrx_word' id='word_1_59' title='bbox 423 767 477 819; x_wconf 74' lang='lat' dir='ltr'>V&#39;.</span> <span class='ocrx_word' id='word_1_60' title='bbox 507 790 595 836; x_wconf 80' lang='lat' dir='ltr'>cap.</span> <span class='ocrx_word' id='word_1_61' title='bbox 628 787 663 818; x_wconf 87' lang='lat'>1.</span> <span class='ocrx_word' id='word_1_62' title='bbox 694 770 790 825; x_wconf 75' lang='lat' dir='ltr'>ubi,</span> <span class='ocrx_word' id='word_1_63' title='bbox 835 774 1021 831; x_wconf 74' lang='lat' dir='ltr'>Scipione</span> <span class='ocrx_word' id='word_1_64' title='bbox 1071 773 1331 828; x_wconf 77' lang='lat' dir='ltr'>Aemiliano,</span> <span class='ocrx_word' id='word_1_65' title='bbox 1383 774 1463 830; x_wconf 90' lang='lat' dir='ltr'>ait,</span> <span class='ocrx_word' id='word_1_66' title='bbox 1506 775 1654 820; x_wconf 79' lang='lat' dir='ltr'>resin</span> 
     </span>
     <span class='ocr_line' id='line_1_11' title="bbox 317 838 1654 908; baseline -0.001 -17"><span class='ocrx_word' id='word_1_67' title='bbox 317 844 499 904; x_wconf 78' lang='lat' dir='ltr'>Africus</span> <span class='ocrx_word' id='word_1_68' title='bbox 522 849 718 905; x_wconf 59' lang='lat' dir='ltr'>gerente,</span> <span class='ocrx_word' id='word_1_69' title='bbox 762 840 971 904; x_wconf 72' lang='lat' dir='ltr'>Polybius</span> <span class='ocrx_word' id='word_1_70' title='bbox 1002 838 1236 908; x_wconf 62' lang='lat' dir='ltr'>Anqzalium</span> <span class='ocrx_word' id='word_1_71' title='bbox 1273 843 1486 896; x_wconf 80' lang='lat' dir='ltr'>conditor,</span> <span class='ocrx_word' id='word_1_72' title='bbox 1524 843 1577 889; x_wconf 88' lang='lat' dir='ltr'>ab</span> <span class='ocrx_word' id='word_1_73' title='bbox 1606 859 1654 889; x_wconf 76' lang='lat' dir='ltr'>oo</span> 
     </span>
     <span class='ocr_line' id='line_1_12' title="bbox 316 908 1653 975; baseline 0 -15"><span class='ocrx_word' id='word_1_74' title='bbox 316 922 481 973; x_wconf 78' lang='lat' dir='ltr'>accepta</span> <span class='ocrx_word' id='word_1_75' title='bbox 517 908 657 973; x_wconf 63' lang='lat' dir='ltr'>clqffi,</span> <span class='ocrx_word' id='word_1_76' title='bbox 692 908 921 970; x_wconf 75' lang='lat' dir='ltr'>stru-tandi</span> <span class='ocrx_word' id='word_1_77' title='bbox 958 910 1076 956; x_wconf 80' lang='lat' dir='ltr'>illius&#39;</span> <span class='ocrx_word' id='word_1_78' title='bbox 1107 913 1222 958; x_wconf 82' lang='lat' dir='ltr'>orbis</span> <span class='ocrx_word' id='word_1_79' title='bbox 1247 914 1400 975; x_wconf 82' lang='lat' dir='ltr'>gratia</span> <span class='ocrx_word' id='word_1_80' title='bbox 1428 913 1653 960; x_wconf 80' lang='lat' dir='ltr'>circumve-</span> 
     </span>
     <span class='ocr_line' id='line_1_13' title="bbox 314 975 1597 1043; baseline 0.001 -16"><span class='ocrx_word' id='word_1_81' title='bbox 314 982 434 1036; x_wconf 64' lang='lat' dir='ltr'>Hus,</span> <span class='ocrx_word' id='word_1_82' title='bbox 468 983 550 1026; x_wconf 86' lang='lat' dir='ltr'>&amp;c.</span> <span class='ocrx_word' id='word_1_83' title='bbox 621 975 755 1024; x_wconf 89' lang='lat' dir='ltr'>Conf.</span> <span class='ocrx_word' id='word_1_84' title='bbox 778 978 976 1043; x_wconf 84' lang='lat' dir='ltr'>Spicileg.</span> <span class='ocrx_word' id='word_1_85' title='bbox 1000 996 1052 1024; x_wconf 82' lang='lat' dir='ltr'>ex</span> <span class='ocrx_word' id='word_1_86' title='bbox 1076 978 1246 1040; x_wconf 91' lang='lat' dir='ltr'>Polybii</span> <span class='ocrx_word' id='word_1_87' title='bbox 1264 979 1377 1027; x_wconf 90' lang='lat' dir='ltr'>libro</span> <span class='ocrx_word' id='word_1_88' title='bbox 1396 981 1597 1028; x_wconf 88' lang='lat' dir='ltr'><strong>XXXIV.</strong></span> 
     </span>
    </p>

    <p class='ocr_par' dir='ltr' id='par_1_6' title="bbox 314 1045 1654 1170">
     <span class='ocr_line' id='line_1_14' title="bbox 415 1045 1654 1116; baseline 0.002 -21"><span class='ocrx_word' id='word_1_89' title='bbox 415 1065 460 1106; x_wconf 84' lang='lat'>4.</span> <span class='ocrx_word' id='word_1_90' title='bbox 501 1052 568 1095; x_wconf 91' lang='lat' dir='ltr'>De</span> <span class='ocrx_word' id='word_1_91' title='bbox 608 1051 955 1114; x_wconf 82' lang='lat' dir='ltr'>peregrinatione</span> <span class='ocrx_word' id='word_1_92' title='bbox 1003 1051 1270 1116; x_wconf 81' lang='lat' dir='ltr'>Aegyptiaca</span> <span class='ocrx_word' id='word_1_93' title='bbox 1315 1046 1414 1100; x_wconf 84' lang='lat' dir='ltr'>vide</span> <span class='ocrx_word' id='word_1_94' title='bbox 1451 1045 1654 1110; x_wconf 70' lang='lat' dir='ltr'>inferius,²</span> 
     </span>
     <span class='ocr_line' id='line_1_15' title="bbox 314 1121 564 1170; baseline -0.016 0"><span class='ocrx_word' id='word_1_95' title='bbox 314 1138 362 1170; x_wconf 82' lang='lat' dir='ltr'>n.</span> <span class='ocrx_word' id='word_1_96' title='bbox 381 1121 496 1167; x_wconf 88' lang='lat' dir='ltr'><strong>VIII.</strong></span> <span class='ocrx_word' id='word_1_97' title='bbox 522 1134 564 1166; x_wconf 83' lang='lat'>2.</span> 
     </span>
    </p>
   </div>
   <div class='ocr_carea' id='block_1_4' title="bbox 313 1252 1653 1405">
    <p class='ocr_par' dir='ltr' id='par_1_7' title="bbox 313 1252 1653 1405">
     <span class='ocr_line' id='line_1_16' title="bbox 313 1252 1653 1324; baseline 0.002 -21"><span class='ocrx_word' id='word_1_98' title='bbox 313 1257 408 1308; x_wconf 87' lang='lat' dir='ltr'><strong>VII.</strong></span> <span class='ocrx_word' id='word_1_99' title='bbox 442 1254 615 1308; x_wconf 74' lang='lat' dir='ltr'>Merita</span> <span class='ocrx_word' id='word_1_100' title='bbox 634 1254 680 1304; x_wconf 78' lang='lat' dir='ltr'>in</span> <span class='ocrx_word' id='word_1_101' title='bbox 699 1255 912 1305; x_wconf 78' lang='lat' dir='ltr'>Patriam</span> <span class='ocrx_word' id='word_1_102' title='bbox 933 1259 1037 1324; x_wconf 68' lang='lat' dir='ltr'>post,</span> <span class='ocrx_word' id='word_1_103' title='bbox 1064 1254 1271 1316; x_wconf 76' lang='lat' dir='ltr'>reditum,</span> <span class='ocrx_word' id='word_1_104' title='bbox 1307 1252 1363 1307; x_wconf 53' lang='grc' dir='ltr'>Εἴ</span> <span class='ocrx_word' id='word_1_105' title='bbox 1386 1254 1572 1306; x_wconf 76' lang='lat' dir='ltr'>honores·</span> <span class='ocrx_word' id='word_1_106' title='bbox 1598 1254 1653 1306; x_wconf 69' lang='lat' dir='ltr'>eo</span> 
     </span>
     <span class='ocr_line' id='line_1_17' title="bbox 702 1336 1261 1405; baseline -0.005 -15"><span class='ocrx_word' id='word_1_107' title='bbox 702 1340 871 1390; x_wconf 81' lang='lat' dir='ltr'>nomine</span> <span class='ocrx_word' id='word_1_108' title='bbox 891 1338 1031 1390; x_wconf 60' lang='lat' dir='ltr'>hahiti</span> <span class='ocrx_word' id='word_1_109' title='bbox 1050 1336 1261 1405; x_wconf 78' lang='lat' dir='ltr'>Polybio.</span> 
     </span>
    </p>
   </div>
   <div class='ocr_carea' id='block_1_5' title="bbox 80 1461 1682 2783">
    <p class='ocr_par' dir='ltr' id='par_1_8' title="bbox 81 1461 1653 1671">
     <span class='ocr_line' id='line_1_18' title="bbox 101 1461 1653 1530; baseline -0.003 -13"><span class='ocrx_word' id='word_1_110' title='bbox 101 1485 238 1521; x_wconf 72' lang='lat' dir='ltr'>,Merita</span> <span class='ocrx_word' id='word_1_111' title='bbox 267 1482 304 1519; x_wconf 83' lang='lat' dir='ltr'>in</span> <span class='ocrx_word' id='word_1_112' title='bbox 423 1481 463 1514; x_wconf 84' lang='lat'>1.</span> <span class='ocrx_word' id='word_1_113' title='bbox 496 1466 594 1515; x_wconf 88' lang='lat' dir='ltr'>Post</span> <span class='ocrx_word' id='word_1_114' title='bbox 614 1462 862 1514; x_wconf 73' lang='lat' dir='ltr'>concessum</span> <span class='ocrx_word' id='word_1_115' title='bbox 882 1468 1049 1514; x_wconf 85' lang='lat' dir='ltr'>Achaeis</span> <span class='ocrx_word' id='word_1_116' title='bbox 1074 1463 1287 1514; x_wconf 87' lang='lat' dir='ltr'>exsulibus</span> <span class='ocrx_word' id='word_1_117' title='bbox 1308 1461 1494 1512; x_wconf 86' lang='lat' dir='ltr'>reditum</span> <span class='ocrx_word' id='word_1_118' title='bbox 1514 1468 1561 1523; x_wconf 70' lang='lat' dir='ltr'>iu</span> <span class='ocrx_word' id='word_1_119' title='bbox 1575 1470 1653 1530; x_wconf 51' lang='lat' dir='ltr'>pa-&lt;</span> 
     </span>
     <span class='ocr_line' id='line_1_19' title="bbox 83 1531 1650 1610; baseline 0.003 -34"><span class='ocrx_word' id='word_1_120' title='bbox 83 1533 245 1610; x_wconf 42' lang='lat' dir='ltr'>pan-iam&amp;</span> <span class='ocrx_word' id='word_1_121' title='bbox 315 1539 468 1593; x_wconf 74' lang='lat' dir='ltr'>triam,</span> <span class='ocrx_word' id='word_1_122' title='bbox 498 1534 586 1602; x_wconf 88' lang='lat' dir='ltr'>ipse</span> <span class='ocrx_word' id='word_1_123' title='bbox 602 1541 731 1583; x_wconf 86' lang='lat' dir='ltr'>etiam</span> <span class='ocrx_word' id='word_1_124' title='bbox 753 1535 958 1598; x_wconf 87' lang='lat' dir='ltr'>Polybius</span> <span class='ocrx_word' id='word_1_125' title='bbox 981 1540 1025 1582; x_wconf 87' lang='lat' dir='ltr'>in</span> <span class='ocrx_word' id='word_1_126' title='bbox 1048 1538 1258 1584; x_wconf 85' lang='lat' dir='ltr'>Achaiam</span> <span class='ocrx_word' id='word_1_127' title='bbox 1278 1531 1444 1581; x_wconf 84' lang='lat' dir='ltr'>rediiffe</span> <span class='ocrx_word' id='word_1_128' title='bbox 1464 1532 1650 1590; x_wconf 82' lang='lat' dir='ltr'>videtur,</span> 
     </span>
     <span class='ocr_line' id='line_1_20' title="bbox 81 1580 1651 1671; baseline -0.002 -17"><span class='ocrx_word' id='word_1_129' title='bbox 81 1580 128 1616; x_wconf 40' lang='grc' dir='ltr'>Α</span> <span class='ocrx_word' id='word_1_130' title='bbox 157 1581 199 1616; x_wconf 73' lang='lat' dir='ltr'>V‘</span> <span class='ocrx_word' id='word_1_131' title='bbox 247 1586 302 1622; x_wconf 59' lang='lat'>⁰4⁶</span> <span class='ocrx_word' id='word_1_132' title='bbox 315 1609 359 1654; x_wconf 71' lang='grc' dir='ltr'>ὅ(</span> <span class='ocrx_word' id='word_1_133' title='bbox 378 1606 658 1671; x_wconf 82' lang='lat' dir='ltr'>popularibus</span> <span class='ocrx_word' id='word_1_134' title='bbox 675 1603 763 1653; x_wconf 81' lang='lat' dir='ltr'>suis</span> <span class='ocrx_word' id='word_1_135' title='bbox 783 1603 836 1653; x_wconf 91' lang='lat' dir='ltr'>de</span> <span class='ocrx_word' id='word_1_136' title='bbox 856 1602 1060 1652; x_wconf 84' lang='lat' dir='ltr'>servanda</span> <span class='ocrx_word' id='word_1_137' title='bbox 1079 1608 1190 1652; x_wconf 84' lang='lat' dir='ltr'>inter</span> <span class='ocrx_word' id='word_1_138' title='bbox 1208 1601 1252 1652; x_wconf 86' lang='lat' dir='ltr'>se</span> <span class='ocrx_word' id='word_1_139' title='bbox 1272 1601 1507 1652; x_wconf 88' lang='lat' dir='ltr'>concordia</span> <span class='ocrx_word' id='word_1_140' title='bbox 1525 1608 1571 1651; x_wconf 76' lang='grc' dir='ltr'>ὅ(</span> <span class='ocrx_word' id='word_1_141' title='bbox 1593 1600 1651 1651; x_wconf 84' lang='lat' dir='ltr'>de</span> 
     </span>
    </p>

    <p class='ocr_par' dir='ltr' id='par_1_9' title="bbox 312 1669 1650 1740">
     <span class='ocr_line' id='line_1_21' title="bbox 312 1669 1650 1740; baseline -0.002 -17"><span class='ocrx_word' id='word_1_142' title='bbox 312 1673 495 1723; x_wconf 82' lang='lat' dir='ltr'>colenda</span> <span class='ocrx_word' id='word_1_143' title='bbox 533 1676 746 1736; x_wconf 78' lang='lat' dir='ltr'>majestate</span> <span class='ocrx_word' id='word_1_144' title='bbox 783 1675 937 1740; x_wconf 75' lang='lat' dir='ltr'>populi</span> <span class='ocrx_word' id='word_1_145' title='bbox 964 1678 1155 1739; x_wconf 84' lang='lat' dir='ltr'>Romani</span> <span class='ocrx_word' id='word_1_146' title='bbox 1195 1692 1242 1720; x_wconf 88' lang='lat' dir='ltr'>ea</span> <span class='ocrx_word' id='word_1_147' title='bbox 1282 1675 1443 1740; x_wconf 51' lang='lat' dir='ltr'>missilia</span> <span class='ocrx_word' id='word_1_148' title='bbox 1471 1669 1650 1731; x_wconf 68' lang='lat' dir='ltr'>dedisse,</span> 
     </span>
    </p>

    <p class='ocr_par' dir='ltr' id='par_1_10' title="bbox 311 1739 1647 1811">
     <span class='ocr_line' id='line_1_22' title="bbox 311 1739 1647 1811; baseline -0.001 -19"><span class='ocrx_word' id='word_1_149' title='bbox 311 1744 780 1811; x_wconf 63' lang='lat' dir='ltr'>quibusstparuffent‚</span> <span class='ocrx_word' id='word_1_150' title='bbox 812 1744 878 1802; x_wconf 87' lang='lat' dir='ltr'>(ut</span> <span class='ocrx_word' id='word_1_151' title='bbox 897 1741 980 1790; x_wconf 89' lang='lat' dir='ltr'>fert</span> <span class='ocrx_word' id='word_1_152' title='bbox 994 1743 1075 1790; x_wconf 81' lang='lat' dir='ltr'>alia</span> <span class='ocrx_word' id='word_1_153' title='bbox 1094 1740 1313 1808; x_wconf 86' lang='lat' dir='ltr'>inscriptio</span> <span class='ocrx_word' id='word_1_154' title='bbox 1335 1739 1449 1807; x_wconf 84' lang='lat' dir='ltr'>apud</span> <span class='ocrx_word' id='word_1_155' title='bbox 1469 1741 1647 1790; x_wconf 78' lang='lat' dir='ltr'>Paulan.</span> 
     </span>
    </p>

    <p class='ocr_par' dir='ltr' id='par_1_11' title="bbox 307 1812 1647 1950">
     <span class='ocr_line' id='line_1_23' title="bbox 309 1812 1647 1880; baseline -0.002 -17"><span class='ocrx_word' id='word_1_156' title='bbox 309 1817 422 1863; x_wconf 87' lang='lat' dir='ltr'><strong>VIII.</strong></span> <span class='ocrx_word' id='word_1_157' title='bbox 451 1816 551 1872; x_wconf 76' lang='lat'><strong>37.)</strong></span> <span class='ocrx_word' id='word_1_158' title='bbox 572 1817 846 1862; x_wconf 81' lang='lat' dir='ltr'><em>calamitatem</em></span> <span class='ocrx_word' id='word_1_159' title='bbox 865 1822 990 1861; x_wconf 70' lang='lat' dir='ltr'>eram</span> <span class='ocrx_word' id='word_1_160' title='bbox 1011 1812 1262 1880; x_wconf 67' lang='lat' dir='ltr'>qffugituri,</span> <span class='ocrx_word' id='word_1_161' title='bbox 1295 1817 1341 1860; x_wconf 86' lang='lat' dir='ltr'>in</span> <span class='ocrx_word' id='word_1_162' title='bbox 1362 1829 1492 1878; x_wconf 86' lang='lat' dir='ltr'>quam</span> <span class='ocrx_word' id='word_1_163' title='bbox 1510 1812 1647 1878; x_wconf 89' lang='lat' dir='ltr'>paulo</span> 
     </span>
     <span class='ocr_line' id='line_1_24' title="bbox 307 1882 679 1950; baseline -0.005 -18"><span class='ocrx_word' id='word_1_164' title='bbox 307 1884 405 1950; x_wconf 85' lang='lat' dir='ltr'>post</span> <span class='ocrx_word' id='word_1_165' title='bbox 424 1882 679 1931; x_wconf 85' lang='lat' dir='ltr'>inciderunt.</span> 
     </span>
    </p>

    <p class='ocr_par' dir='ltr' id='par_1_12' title="bbox 80 1947 1644 2016">
     <span class='ocr_line' id='line_1_25' title="bbox 80 1947 1644 2016; baseline -0.004 -12"><span class='ocrx_word' id='word_1_166' title='bbox 80 1967 125 2004; x_wconf 82' lang='lat' dir='ltr'>A.</span> <span class='ocrx_word' id='word_1_167' title='bbox 151 1968 194 2004; x_wconf 84' lang='lat' dir='ltr'>v.</span> <span class='ocrx_word' id='word_1_168' title='bbox 219 1966 298 2007; x_wconf 79' lang='lat'><strong>608.</strong></span> <span class='ocrx_word' id='word_1_169' title='bbox 415 1969 456 2001; x_wconf 83' lang='lat'>2.</span> <span class='ocrx_word' id='word_1_170' title='bbox 491 1954 558 2001; x_wconf 85' lang='lat' dir='ltr'>Ab</span> <span class='ocrx_word' id='word_1_171' title='bbox 578 1950 748 2000; x_wconf 83' lang='lat' dir='ltr'>excidio</span> <span class='ocrx_word' id='word_1_172' title='bbox 769 1953 1039 2016; x_wconf 80' lang='lat' dir='ltr'>Carthaginis</span> <span class='ocrx_word' id='word_1_173' title='bbox 1065 1968 1119 1998; x_wconf 86' lang='lat' dir='ltr'>ex</span> <span class='ocrx_word' id='word_1_174' title='bbox 1137 1947 1284 1998; x_wconf 88' lang='lat' dir='ltr'>Africa</span> <span class='ocrx_word' id='word_1_175' title='bbox 1306 1954 1351 1997; x_wconf 91' lang='lat' dir='ltr'>in</span> <span class='ocrx_word' id='word_1_176' title='bbox 1372 1948 1644 2014; x_wconf 85' lang='lat' dir='ltr'>Peloponne-</span> 
     </span>
    </p>

    <p class='ocr_par' dir='ltr' id='par_1_13' title="bbox 309 2016 1646 2087">
     <span class='ocr_line' id='line_1_26' title="bbox 309 2016 1646 2087; baseline -0.001 -17"><span class='ocrx_word' id='word_1_177' title='bbox 309 2019 407 2070; x_wconf 84' lang='lat' dir='ltr'>sum</span> <span class='ocrx_word' id='word_1_178' title='bbox 427 2020 658 2078; x_wconf 72' lang='lat' dir='ltr'>advolavit,</span> <span class='ocrx_word' id='word_1_179' title='bbox 685 2036 732 2069; x_wconf 91' lang='lat' dir='ltr'>ut</span> <span class='ocrx_word' id='word_1_180' title='bbox 750 2039 882 2087; x_wconf 87' lang='lat' dir='ltr'>opem</span> <span class='ocrx_word' id='word_1_181' title='bbox 904 2023 1093 2086; x_wconf 78' lang='lat' dir='ltr'>aliquam</span> <span class='ocrx_word' id='word_1_182' title='bbox 1116 2024 1252 2067; x_wconf 86' lang='lat' dir='ltr'>ruenti</span> <span class='ocrx_word' id='word_1_183' title='bbox 1275 2023 1420 2085; x_wconf 82' lang='lat' dir='ltr'>patriae</span> <span class='ocrx_word' id='word_1_184' title='bbox 1443 2016 1646 2070; x_wconf 80' lang='lat' dir='ltr'>adferret.</span> 
     </span>
    </p>

    <p class='ocr_par' dir='ltr' id='par_1_14' title="bbox 309 2086 1645 2157">
     <span class='ocr_line' id='line_1_27' title="bbox 309 2086 1645 2157; baseline -0.003 -16"><span class='ocrx_word' id='word_1_185' title='bbox 309 2096 375 2141; x_wconf 92' lang='lat' dir='ltr'>Ac</span> <span class='ocrx_word' id='word_1_186' title='bbox 407 2089 576 2139; x_wconf 87' lang='lat' dir='ltr'>videtur</span> <span class='ocrx_word' id='word_1_187' title='bbox 606 2106 848 2157; x_wconf 85' lang='lat' dir='ltr'>expugnata</span> <span class='ocrx_word' id='word_1_188' title='bbox 877 2088 1057 2139; x_wconf 88' lang='lat' dir='ltr'>demum</span> <span class='ocrx_word' id='word_1_189' title='bbox 1080 2093 1296 2138; x_wconf 84' lang='lat' dir='ltr'>Corintho</span> <span class='ocrx_word' id='word_1_190' title='bbox 1320 2086 1556 2145; x_wconf 65' lang='lat' dir='ltr'>advenisse,</span> <span class='ocrx_word' id='word_1_191' title='bbox 1594 2102 1645 2137; x_wconf 84' lang='lat' dir='ltr'>ut</span> 
     </span>
    </p>

    <p class='ocr_par' dir='ltr' id='par_1_15' title="bbox 308 2156 1682 2224">
     <span class='ocr_line' id='line_1_28' title="bbox 308 2156 1682 2224; baseline -0.001 -16"><span class='ocrx_word' id='word_1_192' title='bbox 308 2166 482 2209; x_wconf 88' lang='lat' dir='ltr'>monuit</span> <span class='ocrx_word' id='word_1_193' title='bbox 501 2159 692 2208; x_wconf 81' lang='lat' dir='ltr'>Valefius</span> <span class='ocrx_word' id='word_1_194' title='bbox 713 2165 758 2208; x_wconf 86' lang='lat' dir='ltr'>in</span> <span class='ocrx_word' id='word_1_195' title='bbox 777 2164 902 2209; x_wconf 89' lang='lat' dir='ltr'>Notis</span> <span class='ocrx_word' id='word_1_196' title='bbox 931 2158 984 2207; x_wconf 82' lang='lat' dir='ltr'>ad</span> <span class='ocrx_word' id='word_1_197' title='bbox 1013 2159 1226 2224; x_wconf 84' lang='lat' dir='ltr'>Eclogam</span> <span class='ocrx_word' id='word_1_198' title='bbox 1248 2158 1370 2206; x_wconf 87' lang='lat' dir='ltr'>illam</span> <span class='ocrx_word' id='word_1_199' title='bbox 1393 2156 1446 2206; x_wconf 91' lang='lat' dir='ltr'>de</span> <span class='ocrx_word' id='word_1_200' title='bbox 1465 2162 1576 2206; x_wconf 88' lang='lat' dir='ltr'>Virt.</span> <span class='ocrx_word' id='word_1_201' title='bbox 1595 2162 1643 2207; x_wconf 73' lang='grc' dir='ltr'>ὅ(</span> <span class='ocrx_word' id='word_1_202' title='bbox 1678 2166 1682 2173; x_wconf 85' lang='grc'><strong>”</strong></span> 
     </span>
    </p>

    <p class='ocr_par' dir='ltr' id='par_1_16' title="bbox 290 2227 1642 2296">
     <span class='ocr_line' id='line_1_29' title="bbox 290 2227 1642 2296; baseline 0 -20"><span class='ocrx_word' id='word_1_203' title='bbox 290 2227 456 2286; x_wconf 66' lang='lat' dir='ltr'>vitiis,</span> <span class='ocrx_word' id='word_1_204' title='bbox 493 2249 623 2294; x_wconf 85' lang='lat' dir='ltr'>quam</span> <span class='ocrx_word' id='word_1_205' title='bbox 644 2248 724 2279; x_wconf 87' lang='lat' dir='ltr'>nos</span> <span class='ocrx_word' id='word_1_206' title='bbox 747 2235 792 2277; x_wconf 91' lang='lat' dir='ltr'>in</span> <span class='ocrx_word' id='word_1_207' title='bbox 812 2230 1021 2296; x_wconf 81' lang='lat' dir='ltr'>Reliquiis</span> <span class='ocrx_word' id='word_1_208' title='bbox 1046 2229 1334 2277; x_wconf 87' lang='lat' dir='ltr'>Historiarum</span> <span class='ocrx_word' id='word_1_209' title='bbox 1363 2227 1534 2289; x_wconf 89' lang='lat' dir='ltr'>Polybii</span> <span class='ocrx_word' id='word_1_210' title='bbox 1562 2246 1642 2294; x_wconf 88' lang='lat' dir='ltr'>po-</span> 
     </span>
    </p>

    <p class='ocr_par' dir='ltr' id='par_1_17' title="bbox 306 2292 1642 2366">
     <span class='ocr_line' id='line_1_30' title="bbox 306 2292 1642 2366; baseline -0.001 -19"><span class='ocrx_word' id='word_1_211' title='bbox 306 2297 472 2348; x_wconf 84' lang='lat' dir='ltr'>suimus</span> <span class='ocrx_word' id='word_1_212' title='bbox 501 2301 572 2348; x_wconf 90' lang='lat' dir='ltr'>lib.</span> <span class='ocrx_word' id='word_1_213' title='bbox 594 2304 684 2348; x_wconf 82' lang='lat' dir='ltr'>XL.</span> <span class='ocrx_word' id='word_1_214' title='bbox 715 2318 807 2366; x_wconf 85' lang='lat' dir='ltr'>cap.</span> <span class='ocrx_word' id='word_1_215' title='bbox 837 2318 907 2348; x_wconf 85' lang='grc' dir='ltr'>ιο.</span> <span class='ocrx_word' id='word_1_216' title='bbox 937 2297 1071 2349; x_wconf 83' lang='lat' dir='ltr'>Conf.</span> <span class='ocrx_word' id='word_1_217' title='bbox 1090 2302 1178 2348; x_wconf 91' lang='lat' dir='ltr'>XL.</span> <span class='ocrx_word' id='word_1_218' title='bbox 1206 2315 1249 2356; x_wconf 83' lang='lat'>7.</span> <span class='ocrx_word' id='word_1_219' title='bbox 1318 2298 1378 2346; x_wconf 91' lang='lat' dir='ltr'>Ibi</span> <span class='ocrx_word' id='word_1_220' title='bbox 1407 2311 1500 2344; x_wconf 88' lang='lat' dir='ltr'>tum</span> <span class='ocrx_word' id='word_1_221' title='bbox 1527 2292 1642 2363; x_wconf 70' lang='lat' dir='ltr'>apud</span> 
     </span>
    </p>

    <p class='ocr_par' dir='ltr' id='par_1_18' title="bbox 306 2367 1641 2434">
     <span class='ocr_line' id='line_1_31' title="bbox 306 2367 1641 2434; baseline -0.001 -19"><span class='ocrx_word' id='word_1_222' title='bbox 306 2372 623 2434; x_wconf 85' lang='lat' dir='ltr'>Imperatorem</span> <span class='ocrx_word' id='word_1_223' title='bbox 642 2374 897 2417; x_wconf 89' lang='lat' dir='ltr'>Romanum</span> <span class='ocrx_word' id='word_1_224' title='bbox 917 2374 961 2417; x_wconf 72' lang='grc' dir='ltr'>ὃ(</span> <span class='ocrx_word' id='word_1_225' title='bbox 979 2367 1133 2417; x_wconf 82' lang='lat' dir='ltr'>decem</span> <span class='ocrx_word' id='word_1_226' title='bbox 1153 2368 1314 2432; x_wconf 83' lang='lat' dir='ltr'>legatos</span> <span class='ocrx_word' id='word_1_227' title='bbox 1336 2370 1524 2414; x_wconf 88' lang='lat' dir='ltr'>honores</span> <span class='ocrx_word' id='word_1_228' title='bbox 1545 2371 1641 2415; x_wconf 88' lang='lat' dir='ltr'>Phi-</span> 
     </span>
    </p>

    <p class='ocr_par' dir='ltr' id='par_1_19' title="bbox 307 2436 1641 2503">
     <span class='ocr_line' id='line_1_32' title="bbox 307 2436 1641 2503; baseline 0.001 -18"><span class='ocrx_word' id='word_1_229' title='bbox 307 2437 567 2503; x_wconf 84' lang='lat' dir='ltr'>Iopoemenis</span> <span class='ocrx_word' id='word_1_230' title='bbox 589 2443 798 2496; x_wconf 74' lang='lat' dir='ltr'>&amp;·Arati,</span> <span class='ocrx_word' id='word_1_231' title='bbox 831 2445 1028 2487; x_wconf 87' lang='lat' dir='ltr'>virorum</span> <span class='ocrx_word' id='word_1_232' title='bbox 1056 2436 1108 2486; x_wconf 90' lang='lat' dir='ltr'>de</span> <span class='ocrx_word' id='word_1_233' title='bbox 1141 2441 1304 2486; x_wconf 85' lang='lat' dir='ltr'>Achaeis</span> <span class='ocrx_word' id='word_1_234' title='bbox 1335 2437 1641 2486; x_wconf 80' lang='lat' dir='ltr'>immortaliter</span> 
     </span>
    </p>

    <p class='ocr_par' dir='ltr' id='par_1_20' title="bbox 307 2506 1640 2575">
     <span class='ocr_line' id='line_1_33' title="bbox 307 2506 1640 2575; baseline -0.002 -21"><span class='ocrx_word' id='word_1_235' title='bbox 307 2511 592 2565; x_wconf 74' lang='lat' dir='ltr'>meritorum,</span> <span class='ocrx_word' id='word_1_236' title='bbox 621 2506 837 2566; x_wconf 74' lang='lat' dir='ltr'>defendit,</span> <span class='ocrx_word' id='word_1_237' title='bbox 869 2513 1197 2575; x_wconf 84' lang='lat' dir='ltr'>impetravitque</span> <span class='ocrx_word' id='word_1_238' title='bbox 1224 2520 1271 2554; x_wconf 91' lang='lat' dir='ltr'>ut</span> <span class='ocrx_word' id='word_1_239' title='bbox 1299 2524 1455 2554; x_wconf 89' lang='lat' dir='ltr'>eorum</span> <span class='ocrx_word' id='word_1_240' title='bbox 1481 2506 1640 2564; x_wconf 85' lang='lat' dir='ltr'>statuae,</span> 
     </span>
    </p>

    <p class='ocr_par' dir='ltr' id='par_1_21' title="bbox 306 2576 1641 2643">
     <span class='ocr_line' id='line_1_34' title="bbox 306 2576 1641 2643; baseline 0.001 -20"><span class='ocrx_word' id='word_1_241' title='bbox 306 2594 412 2624; x_wconf 86' lang='lat' dir='ltr'>cum</span> <span class='ocrx_word' id='word_1_242' title='bbox 433 2581 519 2639; x_wconf 87' lang='lat' dir='ltr'>jam</span> <span class='ocrx_word' id='word_1_243' title='bbox 536 2577 680 2625; x_wconf 83' lang='lat' dir='ltr'>ablatae</span> <span class='ocrx_word' id='word_1_244' title='bbox 699 2576 856 2636; x_wconf 76' lang='lat' dir='ltr'>essent,</span> <span class='ocrx_word' id='word_1_245' title='bbox 891 2577 972 2626; x_wconf 85' lang='lat' dir='ltr'>suis</span> <span class='ocrx_word' id='word_1_246' title='bbox 997 2578 1103 2626; x_wconf 91' lang='lat' dir='ltr'>locis</span> <span class='ocrx_word' id='word_1_247' title='bbox 1135 2589 1462 2643; x_wconf 87' lang='lat' dir='ltr'>reponerentur.</span> <span class='ocrx_word' id='word_1_248' title='bbox 1535 2580 1641 2640; x_wconf 85' lang='lat' dir='ltr'>Qo</span> 
     </span>
    </p>

    <p class='ocr_par' dir='ltr' id='par_1_22' title="bbox 305 2643 1640 2711">
     <span class='ocr_line' id='line_1_35' title="bbox 305 2643 1640 2711; baseline -0.001 -17"><span class='ocrx_word' id='word_1_249' title='bbox 305 2650 490 2694; x_wconf 86' lang='lat' dir='ltr'>nomine</span> <span class='ocrx_word' id='word_1_250' title='bbox 517 2646 596 2711; x_wconf 86' lang='lat' dir='ltr'>ipfi</span> <span class='ocrx_word' id='word_1_251' title='bbox 617 2648 801 2708; x_wconf 89' lang='lat' dir='ltr'>Polybio</span> <span class='ocrx_word' id='word_1_252' title='bbox 819 2649 869 2694; x_wconf 81' lang='lat' dir='ltr'>ab</span> <span class='ocrx_word' id='word_1_253' title='bbox 891 2651 1058 2695; x_wconf 77' lang='lat' dir='ltr'>Achaeis</span> <span class='ocrx_word' id='word_1_254' title='bbox 1084 2664 1329 2694; x_wconf 87' lang='lat' dir='ltr'>marmorea</span> <span class='ocrx_word' id='word_1_255' title='bbox 1352 2646 1480 2693; x_wconf 83' lang='lat' dir='ltr'>statua</span> <span class='ocrx_word' id='word_1_256' title='bbox 1502 2643 1640 2711; x_wconf 87' lang='lat' dir='ltr'>pofita</span> 
     </span>
    </p>

    <p class='ocr_par' dir='ltr' id='par_1_23' title="bbox 304 2712 1639 2783">
     <span class='ocr_line' id='line_1_36' title="bbox 304 2712 1639 2783; baseline 0 -20"><span class='ocrx_word' id='word_1_257' title='bbox 304 2715 380 2764; x_wconf 86' lang='lat' dir='ltr'>est.</span> <span class='ocrx_word' id='word_1_258' title='bbox 411 2716 565 2777; x_wconf 91' lang='lat' dir='ltr'>Polyb.</span> <span class='ocrx_word' id='word_1_259' title='bbox 590 2720 678 2765; x_wconf 88' lang='lat' dir='ltr'>XL.</span> <span class='ocrx_word' id='word_1_260' title='bbox 702 2728 746 2772; x_wconf 80' lang='grc'>3.</span> <span class='ocrx_word' id='word_1_261' title='bbox 819 2721 936 2768; x_wconf 82' lang='lat' dir='ltr'>Mox</span> <span class='ocrx_word' id='word_1_262' title='bbox 953 2719 1209 2767; x_wconf 79' lang='lat' dir='ltr'>abstinentia:</span> <span class='ocrx_word' id='word_1_263' title='bbox 1228 2715 1374 2766; x_wconf 83' lang='lat' dir='ltr'>nobile</span> <span class='ocrx_word' id='word_1_264' title='bbox 1394 2713 1526 2765; x_wconf 78' lang='lat' dir='ltr'>edidit</span> <span class='ocrx_word' id='word_1_265' title='bbox 1547 2712 1639 2783; x_wconf 87' lang='lat' dir='ltr'>spe-</span> 
     </span>
    </p>
   </div>
   <div class='ocr_carea' id='block_1_6' title="bbox 305 2783 776 2856">
    <p class='ocr_par' dir='ltr' id='par_1_24' title="bbox 305 2783 776 2856">
     <span class='ocr_line' id='line_1_37' title="bbox 305 2783 776 2856; baseline 0.004 -23"><span class='ocrx_word' id='word_1_266' title='bbox 305 2788 464 2836; x_wconf 83' lang='lat' dir='ltr'>cimen.</span> <span class='ocrx_word' id='word_1_267' title='bbox 494 2783 593 2836; x_wconf 88' lang='lat' dir='ltr'>ibid.</span> <span class='ocrx_word' id='word_1_268' title='bbox 617 2805 708 2856; x_wconf 82' lang='lat' dir='ltr'>cap.</span> <span class='ocrx_word' id='word_1_269' title='bbox 729 2803 776 2849; x_wconf 87' lang='lat'>9.</span> 
     </span>
    </p>
   </div>
   <div class='ocr_carea' id='block_1_7' title="bbox 63 1708 85 1739">
    <p class='ocr_par' dir='ltr' id='par_1_25' title="bbox 63 1708 85 1739">
     <span class='ocr_line' id='line_1_38' title="bbox 63 1708 85 1739; baseline 0 0"><span class='ocrx_word' id='word_1_270' title='bbox 63 1708 85 1739; x_wconf 73' lang='lat'>³·</span> 
     </span>
    </p>
   </div>
   <div class='ocr_carea' id='block_1_8' title="bbox 1467 2835 1701 2914">
    <p class='ocr_par' dir='ltr' id='par_1_26' title="bbox 1467 2835 1701 2914">
     <span class='ocr_line' id='line_1_39' title="bbox 1467 2835 1701 2914; baseline -0.026 -10"><span class='ocrx_word' id='word_1_271' title='bbox 1467 2869 1510 2914; x_wconf 81' lang='lat'>3.</span> <span class='ocrx_word' id='word_1_272' title='bbox 1542 2835 1639 2904; x_wconf 74' lang='lat' dir='ltr'>Post</span> <span class='ocrx_word' id='word_1_273' title='bbox 1700 2895 1701 2898; x_wconf 76' lang='grc'>,</span> 
     </span>
    </p>
   </div>
  </div>
 </body>
</html>
