1742 3190
219 283 292 290 ...ο

119 317 212 356 vers.
234 326 246 350 1
255 326 286 363 3.

87 994 172 1041 Cap.
182 995 309 1032 xLV1.

139 1105 233 1148 vers.
251 1115 281 1144 1.

319 173 404 220 266
742 168 1237 229 Αζυισοτιιτιοιηε

404 282 519 344 VerJI
544 299 607 342 ¹3.
636 289 967 338 σαλπισταῖς.
999 286 1067 331 Sic
1087 289 1245 344 primus
1263 288 1392 333 edidit
1405 289 1654 348 Hervag.ex

316 360 431 415 Aug.
460 374 554 402 cum
587 373 669 414 quo
699 359 796 402 facit
820 360 925 417 Reg.
943 360 998 402 A.
1027 366 1129 416 puto
1159 359 1286 410 etiam
1301 357 1402 404 Vat.
1426 359 1474 406 &
1497 361 1610 406 Flor.
1627 374 1656 404 e

316 433 464 489 quibus
483 430 592 473 nulla
613 423 790 472 varietas
815 437 996 474 enotata.
1043 430 1111 477 Ac
1133 431 1287 486 patitur
1304 431 1472 486 quidem
1489 430 1655 475 fortass‘e

318 518 410 546 eam
425 501 615 546 vocabuli
627 502 804 544 formam
820 501 1007 556 analogia
1017 516 1030 551 ;
1060 501 1127 544 sed
1139 502 1282 558 utique
1304 501 1564 552 σαλπιγκτ
1575 504 1670 552 αῖς·

318 574 584 632 praetulerim.
614 572 853 620 σαλπικτοὶἳς
871 572 914 615 h.
931 573 959 614 l.
978 574 1076 617 edit.
1092 586 1127 616 1.
1144 571 1190 615 δι
1209 572 1309 629 Reg.
1318 572 1364 617 Β.
1375 571 1423 616 C.
1443 586 1538 616 eum
1553 574 1656 617 Bav.

319 650 399 702 qua
426 647 558 688 forma
585 643 775 692 vocabuli
794 642 839 687 &
860 645 966 699 apud
987 644 1090 686 alios
1107 644 1326 699 scriptores
1341 643 1482 700 paffim
1498 644 1590 687 usos
1606 644 1656 688 li·

316 719 473 760 brarios
493 716 684 765 memini,
715 713 795 758 five
822 727 875 757 ex
899 714 1078 765 incuria,
1115 712 1199 757 five
1226 728 1278 757 ex
1307 727 1436 772 prava
1464 713 1656 767 dialesto,

319 788 460 830 omifl'a
487 788 608 829 litera
633 800 660 835 ey
690 793 785 829 ante
812 801 849 828 κ.
906 785 975 829 Sic
1001 792 1096 837 ante
1113 784 1145 837 ἔ
1157 786 1345 829 eamdem
1367 782 1528 831 literana
1552 786 1657 831 omi-

316 860 454 902 serunt
469 860 511 901 in
528 852 708 914 Μήνι-γῖ,
739 870 828 913 cap.
850 868 922 913 39,
945 867 984 900 2.

709 984 752 1028 -C
780 985 822 1027 A
851 985 882 1028 P
910 983 951 1030 V
980 983 1020 1028 T
1078 982 1257 1029 XLVI.

407 1098 456 1142 V
450 1096 520 1155 ers]
538 1112 572 1142 1.
599 1095 662 1142 τοὶ
681 1097 934 1156 Δρέπανα.
989 1097 1056 1140 Sic
1073 1097 1305 1141 constanter
1315 1097 1411 1143 Vat.
1421 1096 1531 1142 Flor.
1541 1097 1657 1154 Aug.

316 1171 483 1227 Reg.A.
522 1171 612 1213 Nec
631 1171 752 1213 aliam
766 1171 942 1213 formam
959 1169 1144 1224 agnoscit
1162 1168 1394 1225 Stephanus
1412 1170 1515 1224 Byz.
1548 1166 1655 1211 Con-

316 1249 402 1294 tra,
437 1237 484 1283 τό
505 1241 711 1297 Δρέπανον
731 1242 772 1284 h.
794 1242 822 1283 1.
839 1241 883 1284 &
902 1240 1048 1295 saepius
1068 1241 1217 1282 deinde
1236 1240 1339 1283 Bav.
1359 1238 1406 1283 δε
1427 1239 1525 1283 hinc
1554 1239 1658 1282 editi

318 1313 364 1356 &
381 1314 602 1369 Reg.13.C.
644 1304 741 1357 ‘Sed
770 1314 896 1356 iidem
921 1311 1057 1353 rursus
1081 1312 1191 1354 haud
1218 1324 1312 1354 raro
1339 1311 1383 1353 in
1410 1310 1559 1368 plurali
1583 1323 1658 1352 nu-

318 1399 436 1426 mero
463 1385 640 1426 efferunt
666 1385 707 1426 id
726 1396 892 1425 nomen.
923 1382 1030 1425 conf,
1050 1381 1187 1438 supra,
1215 1395 1305 1438 cap.
1325 1391 1393 1436 41,
1413 1381 1454 1425 6.
1511 1381 1657 1436 Itaque

318 1456 518 1511 pluralem
538 1456 696 1510 semper
711 1455 936 1497 tenendum
954 1453 1104 1496 censui.
1153 1451 1350 1495 ceterum
1368 1453 1420 1495 de
1438 1452 1562 1509 hujlls
1583 1465 1656 1508 op-

319 1526 405 1582 pidi
423 1527 590 1568 nomine
615 1527 708 1568 vide
726 1524 944 1568 Cluverum
965 1523 1079 1567 sicil.
1095 1523 1238 1579 Antiq.
1258 1537 1300 1580 p.
1320 1534 1400 1577 235
1411 1524 1494 1580 sqq.
1549 1513 1658 1566 Illud

319 1599 520 1654 adjiciam,
549 1599 656 1653 apud
675 1603 836 1640 veteres
849 1596 1011 1651 Polybii
1023 1596 1285 1652 interpreteS,
1301 1593 1517 1639 Antinum
1529 1592 1660 1637 &Pe-

318 1676 496 1720 rottum‚
541 1669 772 1711 constanter
789 1667 1028 1722 Drepanum
1054 1665 1247 1722 fingulari
1263 1679 1439 1710 numero
1461 1666 1659 1722 usurpari.

317 1742 443 1795 Apud
463 1741 692 1782 Diodorum
709 1738 893 1781 Siculum
911 1739 1023 1780 varia
1040 1737 1100 1780 est
1119 1723 1462 1794 scriptun-asmo
1486 1736 1584 1779 loco
1607 1731 1658 1779 τὸ

318 1809 547 1866 Δρέπανον,
579 1811 622 1851 in
644 1810 841 1865 Excerpt.
866 1822 918 1850 ex
939 1809 1007 1850 lib.
1028 1808 1186 1852 XXIII.
1207 1822 1294 1865 cap.
1311 1821 1354 1866 9.
1382 1822 1424 1866 p.
1441 1804 1541 1863 503.
1557 1809 1658 1852 edit.
1736 1862 1739 1863 ⁷

316 1881 482 1928 Wessel.
512 1884 659 1925 deinde
693 1896 795 1924 vero
824 1875 878 1922 ταὶ
895 1877 1086 1934 Δρέπανα
1113 1879 1209 1922 ibid.
1229 1892 1318 1936 cap.
1343 1887 1411 1933 14.
1424 1893 1466 1936 p.
1485 1890 1582 1933 505.
1610 1878 1657 1923 δι

317 1951 515 2009 Excerpt.
535 1968 586 1995 ex
604 1954 671 1996 lib.
692 1952 848 1997 XXIV.
865 1965 953 2007 cap.
974 1962 1012 1994 2.
1028 1964 1071 2008 p.
1095 1961 1191 2006 509.
1236 1950 1340 2002 Sed,
1364 1951 1563 2008 superiori
1583 1951 1657 1993 illo
1680 1999 1689 2002 -

317 2025 413 2067 Ioco
438 2038 523 2066 non
550 2032 635 2067 tam
659 2025 789 2080 ipsum
818 2023 1038 2079 oppidum,
1080 2035 1204 2079 quam
1230 2023 1471 2079 regionem,
1505 2030 1657 2076 nempe

316 2096 570 2151 peninsulam
588 2086 718 2146 illam,
738 2096 789 2136 in
815 2108 895 2150 qua
925 2094 1139 2137 conditum
1165 2095 1366 2150 oppidum
1382 2093 1460 2144 est,
1491 2088 1538 2135 τὸ
1558 2090 1656 2150 Δρέ-

317 2181 443 2210 πανον
460 2167 665 2222 adpellari,
697 2164 906 2222 perspeste
927 2165 1090 2207 monuit
1113 2163 1316 2207 Cluverus
1335 2165 1363 2208 L
1383 2179 1421 2208 c.
1441 2178 1534 2220 pag.
1558 2162 1654 2215 236.

316 2237 460 2292 Atque
486 2238 544 2279 ita
568 2225 678 2280 forte
694 2237 987 2292 intelligendus
1016 2235 1267 2289 Ptolemaeus
1296 2236 1441 2286 fuerit,
1477 2247 1575 2278 curn
1598 2234 1657 2278 ibi

316 2308 507 2351 locorum
529 2307 734 2365 Δρέπανον
755 2309 923 2350 notavit.
959 2306 1068 2351 Vide
1088 2313 1227 2349 tamen
1247 2307 1392 2362 Polyb.
1414 2304 1448 2348 Ι.
1472 2317 1538 2362 59,
1561 2317 1626 2349 10.

404 2380 508 2424 Ibid.
540 2375 761 2436 Ἀτάρβαν.
803 2373 1057 2434 Ἀτοίρβοινον
1082 2378 1183 2419 edit.
1209 2389 1244 2420 ι.
1263 2375 1308 2420 &
1325 2378 1427 2432 Reg.
1438 2377 1482 2420 B.
1493 2376 1540 2420 C.
1558 2390 1656 2419 con·

317 2460 382 2498 tra
405 2460 592 2496 veterum
615 2452 806 2499 codicum
822 2451 1010 2491 omnium
1028 2447 1279 2490 consensum.
1304 2449 1414 2490 conf.
1433 2461 1522 2503 cap.
1534 2458 1601 2502 44,
1617 2461 1655 2491 1.

317 2535 389 2579 49,
409 2535 451 2578 4.
485 2536 552 2577 50,
570 2523 608 2567 6.
631 2522 714 2564 &a
762 2518 876 2563 Jbid.
901 2514 970 2562 τὸν
998 2516 1282 2573 Καρχηδονίων
1303 2513 1536 2575 στρατηγόν.
1584 2517 1654 2561 Sic

318 2609 417 2637 cum
434 2595 646 2649 Hervagio
665 2593 883 2634 ediderunt
899 2603 1059 2640 omneS,
1085 2589 1299 2645 postquam
1319 2590 1511 2632 mendose
1528 2590 1570 2632 in
1586 2590 1656 2632 ed.

323 2677 363 2710 1.
390 2667 524 2708 fuerat
550 2661 596 2708 τὸ
619 2665 696 2705 τῶν
720 2661 904 2717 Καρχηδ.
963 2660 1209 2706 Restitutum
1230 2661 1355 2704 velim
1380 2675 1434 2703 ex
1467 2668 1655 2704 veterum

319 2739 515 2782 codicum
533 2736 727 2780 consensu
747 2730 836 2776 τὸν
857 2732 931 2777 τοῦ*
940 2746 962 2773 ν
984 2729 1120 2788 Καρχ.
1143 2745 1284 2789 στρατ.
1376 2763 1378 2765 »

1545 2844 1594 2887 V
1586 2840 1659 2902 ers.
