1734 3164
138 278 315 300 μ

151 330 246 371 vers.
268 341 301 376 4.

157 660 252 701 vers.
272 670 304 707 5.
360 685 363 688 ι

158 1592 250 1632 Vers.
270 1601 306 1638 7.

157 2240 252 2278 Vers.
272 2247 305 2281 8.

157 2384 249 2421 Vers.
268 2394 303 2430 9.

333 193 418 249 688
692 234 695 238 .
749 210 1239 244 annoni-monus

421 307 536 366 Vers.
557 320 596 364 4.
624 308 731 353 ἔτει
757 307 949 368 πρότερον
974 310 1062 355 ἑνί.
1087 368 1098 371 -
1119 313 1215 356 Non
1236 299 1506 367 diiiimuiabo,
1534 316 1665 372 suspe-

332 379 441 422 &am
461 382 589 424 videri
607 383 710 424 hanc
730 383 981 438 scripturam.
1038 383 1135 426 Non
1166 399 1272 440 opus
1300 393 1388 428 erat
1413 387 1550 429 addito
1575 386 1663 430 ἑνί.

325 451 548 506 'Superiori
573 467 677 495 anno
703 455 761 496 est
787 455 843 509 τῷ
867 451 1057 510 πρότερον
1088 454 1191 509 ἔτει,
1231 463 1278 498 ut
1301 455 1376 500 III.
1408 469 1499 510 114,
1525 458 1566 501 6.
1596 459 1666 501 vel

332 524 501 579 ἐνιαυτῷ
520 520 731 581 πρότερον,
766 533 811 568 ut
829 525 902 569 ΠΙ.
919 537 985 577 20,
1006 539 1044 568 2.
1078 536 1084 548 ²
1101 525 1255 570 Verius
1277 529 1438 571 videtur
1454 529 1496 571 id
1509 560 1521 580 ,
1551 530 1663 585 quod

336 594 489 637 habent
502 597 638 638 «ceteri
654 598 766 648 libri,
797 595 850 639 ἔτ
861 614 874 639 ι
895 612 927 639 π
933 613 956 653 ρ
969 592 990 639 ὅ
999 612 1053 639 τε
1063 612 1086 652 ρ
1097 613 1115 639 ο
1125 612 1158 639 ν.

422 665 471 708 V
464 664 535 718 ers]
555 679 590 720 5.
617 663 681 709 διαὶ
711 663 765 710 *rei
792 665 926 711 καιτοὲ
947 666 1019 724 τήν
1040 668 1160 725 πέριξ
1174 665 1332 722 εὐφυῶς
1350 669 1490 724 κᾶθα]
1509 664 1665 725 χώραν.

332 737 525 780 Mendosa
543 738 684 793 utique
705 739 798 781 haec
817 740 874 782 est
894 740 1115 796 scriptura:
1153 756 1199 783 ac
1223 733 1307 796 jam
1340 754 1460 796 paene
1479 741 1561 796 ipse
1580 755 1666 784 non

337 809 457 851 video
469 839 480 858 ,
509 822 582 850 cur
600 823 683 851 non
701 810 926 853 deleverim
946 808 1052 854 uani
1071 826 1166 855 cum
1185 814 1296 867 Aug.
1316 811 1362 854 &
1378 812 1480 867 Reg.
1493 813 1544 854 A.
1593 813 1666 855 Ni-

334 880 498 930 mirum,
526 887 573 922 ut
590 887 822 931 teneretur,
850 882 1038 926 suadebat
1057 891 1291 926 ceterorum
1310 883 1512 925 librorum-
1541 882 1661 938 (Vnt.

336 950 445 993 Flor.
463 952 557 993 Bav.
577 950 622 994 δε
639 953 796 995 codicis
813 952 970 1007 Vrfini)
990 955 1218 997 consensus.
1275 954 1358 997 Sed
1378 954 1431 996 fic
1443 985 1456 1005 ,
1482 955 1559 996 alia
1575 967 1664 1010 par-

334 1028 379 1064 te
398 1031 617 1077 peccatum
634 1023 771 1077 fuisse,
801 1026 1115 1081 intelligendum
1135 1027 1235 1067 erit:
1265 1040 1311 1067 ac
1330 1025 1397 1069 vel
1415 1038 1510 1068 cum
1530 1022 1664 1068 Rurs-

337 1106 424 1135 mo
454 1096 765 1150 corrigendum,
795 1092 899 1139 0222.ae
918 1091 983 1152 uu)
1004 1092 1066 1138 διοὲ
1084 1092 1132 1139 *to*
1150 1093 1258 1139 κατοὲ
1275 1097 1352 1138 τῶν
1368 1094 1490 1152 πέριξ
1506 1093 1665 1149 εὐφυῶς

335 1165 475 1222 κεῖσθαι
494 1162 566 1221 τήν
579 1162 733 1222 χώραν,
751 1165 829 1222 sed
843 1169 976 1218 etiam,
1003 1168 1111 1224 quod
1114 1168 1220 1224 fitus
1232 1168 1337 1216 illius
1354 1169 1427 1211 loci
1445 1168 1502 1211 ad
1516 1181 1664 1211 vexan-

337 1237 412 1278 dos
440 1238 589 1280 vicinos
616 1239 723 1280 circa
739 1238 796 1294 stt
815 1240 1263 1293 peraccommodatus;“
1292 1262 1345 1284 f·-
1388 1246 1480 1290 aut,
1514 1241 1665 1282 minori

338 1309 465 1350 etiam
484 1310 657 1364 negotio
678 1309 723 1351 &
749 1310 1010 1365 probabiliori
1031 1312 1214 1362 ratione,
1252 1306 1315 1352 διοὶ
1345 1305 1392 1353 ra
1420 1305 1551 1355 κατ’σὲ
1576 1311 1666 1366 τῆς

337 1377 461 1434 πέριξ
474 1377 632 1432 εὐφυῶς
652 1381 791 1435 κεῖσθαι]
812 1376 888 1435 χιό
896 1397 918 1436 ρ
932 1397 1009 1429 ας,
1047 1383 1156 1438 quod
1176 1380 1381 1437 adversus'
1394 1380 1667 1436 circumjacen-

336 1456 415 1493 tem
434 1453 634 1506 regionem
652 1459 868 1506 opportune
874 1453 957 1509 fita
975 1453 1041 1495 illa*
1057 1466 1142 1495 arx
1151 1459 1266 1496 erat.-
1294 1466 1417 1509 quam
1424 1451 1662 1497 sententiam

334 1523 377 1564 in
403 1521 584 1566 verfione
600 1537 697 1565 cum
713 1524 949 1566 Casaubono
968 1523 1152 1580 expreffi.

422 1592 471 1637 V
464 1591 536 1650 ets.
548 1606 586 1645 7.
606 1594 816 1650 Perspeste
834 1594 872 1637 O
884 1596 903 1636 ἱ
918 1595 967 1637 δὲ
986 1609 1036 1637 ex
1060 1610 1132 1638 ora
1147 1594 1307 1651 Reg.B.
1324 1594 1662 1643 adscivitCasaub.

337 1664 463 1715 Sane,
493 1665 566 1707 nifi
584 1666 700 1721 plura
718 1668 906 1722 quaedam
923 1667 1045 1710 verba
1060 1667 1378 1716 interciderunt,
1407 1665 1499 1708 haec
1524 1665 1662 1708 saltem

337 1735 682 1780 defiderabantur:
719 1753 766 1779 ac
784 1746 1003 1794 potuerant
1020 1738 1086 1780 hae
1104 1739 1237 1781 literae
1258 1736 1392 1780 ΟΙΔΕ
1409 1736 1601 1791 intercipi
1619 1736 1664 1779 &

337 1808 450 1851 velut
507 1810 707 1852 absorberi
756 1811 805 1852 ab
852 1811 1112 1852 extremitate
1157 1808 1344 1852 vocabuli
1388 1808 1662 1862 praecedentis

339 1879 515 1922 ΟΙΑΙΣ.
574 1903 627 1914 -
684 1880 788 1923 Ibid.
808 1877 1149 1935 συμβάλλειν.
1188 1881 1237 1922 In
1258 1879 1547 1933 συμβαλεῖν
1569 1891 1665 1920 cum

338 1951 428 1993 aliis
462 1951 662 1994 consentit
686 1951 780 1996 Vat.
810 1967 889 1994 nec
918 1954 959 1995 id
984 1953 1164 2008 spernam
1185 1952 1389 2006 equidem.
1446 1969 1504 1980 —-·
1559 1947 1664 1991 Ibid.

336 2022 372 2066 Γ
372 2018 477 2064 νοὲϊον
506 2022 618 2065 reste
647 2024 738 2066 edd.
764 2038 814 2065 ex
834 2024 930 2067 Bav.
958 2023 1094 2065 nescio
1118 2038 1167 2064 an
1190 2022 1235 2065 δι
1258 2021 1354 2066 Vat.
1411 2015 1528 2062 Γοέΐον
1553 2020 1662 2062 Flor.

337 2095 449 2150 Aug.
478 2094 646 2150 Reg.A.
706 2114 762 2127 -
831 2094 935 2139 Ibid.
965 2091 1225 2137 ἐπέστελλον.
1290 2089 1514 2135 οἷπέστελον
1554 2093 1662 2135 solus

337 2164 446 2207 Flor.
469 2173 515 2207 ut
535 2165 641 2220 saepe
661 2165 772 2206 alifis.
1375 2167 1379 2171 “

423 2236 471 2279 V
466 2235 539 2291 ers.
562 2243 600 2288 8.
628 2234 892 2292 κεχειρικένοιι
910 2232 979 2279 τᾶν
996 2232 1092 2292 πρός
1110 2230 1318 2291 Ἰλυριοῦς
1335 2230 1523 2288 πόλεμον.
1553 2233 1662 2278 Vide

337 2308 411 2351 III.
439 2315 500 2359 ¹8·
511 2308 565 2363 sq.
623 2309 814 2365 Mendose
834 2307 1110 2365 κεχωρηκέναι]
1131 2309 1164 2351 F
1165 2310 1240 2350 lor.
1262 2309 1370 2363 Aug.
1389 2307 1491 2361 Reg.
1504 2306 1552 2347 A.

424 2378 534 2434 Verſs
553 2392 592 2433 9.
617 2378 852 2435 Προέθεντο
872 2381 909 2425 V
913 2391 964 2423 at.
982 2381 1091 2422 Flor.
1112 2381 1220 2434 Aug.
1240 2376 1510 2433 Reg.A.Vrs.
1550 2376 1664 2417 Men.

338 2448 433 2494 dose
460 2446 663 2506 πρόθεντο
676 2464 681 2468 ·
694 2453 757 2493 ed.
783 2465 817 2494 1.
838 2463 875 2493 2.
897 2452 998 2507 Reg.
1008 2453 1051 2493 B.
1063 2451 1107 2493 C.
1131 2458 1224 2492 cum
1245 2450 1340 2492 Bav.
1360 2448 1470 2503 quod
1487 2447 1530 2487 in
1545 2438 1663 2500 vrpo'ii-

336 2522 462 2566 θεντο
481 2524 655 2564 mutavit
672 2522 834 2565 casaub,
864 2545 921 2554 —-
957 2522 1061 2565 Ibid.
1081 2512 1308 2577 ὃπρὸτερον
1327 2515 1525 2561 οὐδέποτε.
1564 2508 1663 2570 ὅπερ

341 2591 527 2636 οὐδέποτε
546 2593 652 2635 solus
671 2595 779 2649 Aug.
823 2618 876 2629 —-
921 2590 1025 2636 Ibid.
1046 2593 1184 2638 Verba
1201 2591 1323 2647 χωρὶς
1342 2590 1420 2632 τῶν
1436 2582 1672 2641 συμμάχων’

294 2702 300 2705 ,
340 2667 483 2709 desunt
503 2666 566 2706 ed.
591 2677 626 2706 1.
646 2663 689 2706 δι
706 2665 804 2706 Bav.
831 2711 839 2715 ,

137 2744 230 2787 Vers,
253 2754 306 2782 10.

425 2733 537 2791 Vers.
562 2748 626 2778 10.
657 2731 774 2778 καθά
788 2751 864 2777 που
885 2736 1078 2777 revocavi
1105 2748 1155 2776 ex
1177 2733 1276 2775 Bav.
1295 2732 1406 2774 Flor.
1425 2730 1538 2784 Aug.
1557 2729 1662 2783 Reg.

338 2809 391 2853 A.
447 2802 634 2852 καθὸπου
650 2807 746 2853 Vat.
793 2806 973 2850 Temere
999 2801 1189 2862 καθάπερ
1212 2803 1304 2847 edd.
1360 2814 1418 2835 —
1475 2799 1578 2883 Ibi'd.
1597 2794 1664 2853 καὶ

1472 2883 1664 2928 προτερον
